% Global Soil Information Facilities book references
% INSERT A NEW REFERENCE AT THE TOP OF THIS LIST!

@article{jayne2010principal,
  title={{Principal challenges confronting smallholder agriculture in sub-Saharan Africa}},
  author={Jayne, Thomas S and Mather, David and Mghenyi, Elliot},
  journal={World development},
  volume={38},
  number={10},
  pages={1384--1398},
  year={2010},
  publisher={Elsevier}
}

@article{giller2009conservation,
  title={{Conservation agriculture and smallholder farming in Africa: the heretics' view}},
  author={Giller, Ken E and Witter, Ernst and Corbeels, Marc and Tittonell, Pablo},
  journal={Field crops research},
  volume={114},
  number={1},
  pages={23--34},
  year={2009},
  publisher={Elsevier}
}

@incollection{kaizzi2017fertilizer,
	title={{Fertilizer Use optimization: principles and approach}},
	author={Kaizzi, Kayuki C and Mohammed, Mohammed Beshir and Nouri, Maman},
	editor={Wortmann, Charles S. and Sones, Keith},
    book={Fertilizer Use Optimization in sub-Saharan Africa},
	volume={17},
	year={2017},
	pages={9-19},
	publisher={CAB International},
	address={Nairobi, Kenya}
}

@Manual{kuhn2013cubist,
  title={{Cubist: Rule-and Instance-Based Regression Modeling}},
  author={Kuhn, Max and Weston, Steve and Keefer, Chris and Coulter, Nathan and Quinlan, R},
  note={{R package version 0.0.13}},
  url={http://CRAN.R-project.org/package=Cubist},
  year={2013}
}

@article{kapelner2013bartmachine,
  title={{bartmachine: Machine learning with bayesian additive regression trees}},
  author={Kapelner, Adam and Bleich, Justin},
  journal={arXiv preprint arXiv:1312.2171},
  year={2013}
}

@Manual{Spencer2016,
    title = {{h2o: R Interface for H2O}},
    author = {Aiello, Spencer and Kraljevic, Tom and Maj, Petr and {with contributions from the H2O.ai team}},
    year = {2016},
    note = {{R package version 3.8.1.3}},
    url = {https://CRAN.R-project.org/package=h2o},
  }

@article{pekel2016high,
  title={High-resolution mapping of global surface water and its long-term changes},
  author={Pekel, Jean-Fran{\c{c}}ois and Cottam, Andrew and Gorelick, Noel and Belward, Alan S},
  journal={Nature},
  year={2016},
  volume={504},
  pages={418--422},
  publisher={Nature Research}
}

@book{mcfaul2000us,
  title={US Geological Survey mineral databases; MRDS and MAS/MILS},
  author={McFaul, EJ and Mason, GT and Ferguson, WB and Lipin, BR},
  number={52},
  year={2000},
  publisher={US Geological Survey,}
}

@Article{gmd-8-1991-2015,
AUTHOR = {Conrad, O. and Bechtel, B. and Bock, M. and Dietrich, H. and Fischer, E. and Gerlitz, L. and Wehberg, J. and Wichmann, V. and B\"ohner, J.},
TITLE = {{System for Automated Geoscientific Analyses (SAGA) v. 2.1.4}},
JOURNAL = {Geoscientific Model Development},
VOLUME = {8},
YEAR = {2015},
NUMBER = {7},
PAGES = {1991--2007},
DOI = {10.5194/gmd-8-1991-2015}
}

@Article{Kang1985,
author="Kang, BT
and Osiname, OA",
title={{5. Micronutrient problems in tropical Africa}},
journal="Fertilizer research",
year="1985",
volume="7",
number="1",
pages="131--150",
issn="1573-0867",
doi="10.1007/BF01048998",
}

@book{duval2005terrestrial,
  title={{Terrestrial radioactivity and gamma-ray exposure in the United States and Canada}},
  author={Duval, Joseph S and Carson, John M and Holman, Peter B and Darnley, Arthur G},
  year={2005},
  publisher={USGS},
  note={Open-File Report 2005-1413}
}

@Article{Ovadia2015,
author="Ovadia, David C.",
title={{Improving access to Africa's geological information through the ``Billion Dollar Map'' project}},
journal="Mineral Economics",
year="2015",
volume="28",
number="3",
pages="117--121",
issn="2191-2211",
doi="10.1007/s13563-015-0074-z",
}

@book{leenaars2012africa,
  title={{Africa Soil Profiles Database, version 1.0: a compilation of georeferenced and standardised legacy soil profile data for Sub-Saharan Africa (with dataset)}},
  author={Leenaars, JGB},
  year={2012},
  publisher={ISRIC --- World Soil Information},
  series={Technical report}
}

@book{leenaars2015root,
  title={{Root Zone Plant-Available Water Holding Capacity of the Sub-Saharan Africa soil, version 1.0}},
  author={Leenaars, JGB and Hengl, T and Gonz{\'a}lez, M Ruiperez and de Jesus, JS Mendes and Heuvelink, GBM and Wolf, J and van Bussel, LGJ and Claessens, L and Yang, H and Cassman, KG},
  publisher={ISRIC --- World Soil Information},
  series={Technical Report},
  year={2015}
}

@book{fraley2012package,
  title={{Package mclust: Normal Mixture Modeling for Model-Based Clustering, Classification, and Density Estimation}},
  author={Fraley, C. and Raftery, A. E. and Murphy, T. B. and Scrucca, L.},
  year={2012},
  publisher={Department of Statistics, University of Washington},
  note={Technical Report No. 597},
}

@article{murphy2012controls,
  title={What controls the distribution of tropical forest and savanna?},
  author={Murphy, Brett P and Bowman, David MJS},
  journal={Ecology letters},
  volume={15},
  number={7},
  pages={748--758},
  year={2012},
  publisher={Wiley Online Library}
}

@article{schaetzl2012taxonomically,
  title={A taxonomically based ordinal estimate of soil productivity for landscape-scale analyses},
  author={Schaetzl, Randall J and Krist Jr, Frank J and Miller, Bradley A},
  journal={Soil Science},
  volume={177},
  number={4},
  pages={288--299},
  year={2012},
  publisher={LWW}
}

@article{nijbroek2016regional,
  title={{Regional suitability for agricultural intensification: a spatial analysis of the Southern Agricultural Growth Corridor of Tanzania}},
  author={Nijbroek, Ravic P and Andelman, Sandy J},
  journal={International Journal of Agricultural Sustainability},
  volume={14},
  number={2},
  pages={231--247},
  year={2016},
  publisher={Taylor \& Francis}
}

@article{gerland2014world,
  title={World population stabilization unlikely this century},
  author={Gerland, Patrick and Raftery, Adrian E and {\v{S}}ev{\v{c}}{\'\i}kov{\'a}, Hana and Li, Nan and Gu, Danan and Spoorenberg, Thomas and Alkema, Leontine and Fosdick, Bailey K and Chunn, Jennifer and Lalic, Nevena and others},
  journal={Science},
  volume={346},
  number={6206},
  pages={234--237},
  year={2014},
  publisher={American Association for the Advancement of Science}
}

@article{Boogaart2008compositions,
  title={{Compositions: a unified R package to analyze compositional data}},
  author={{van den Boogaart}, K Gerald and Tolosana-Delgado, R},
  journal={Computers \& Geosciences},
  volume={34},
  number={4},
  pages={320--338},
  year={2008},
  publisher={Elsevier}
}

@article{biau2012analysis,
  title={Analysis of a random forests model},
  author={Biau, G\'{e}rard},
  journal={Journal of Machine Learning Research},
  volume={13},
  number={Apr},
  pages={1063--1095},
  year={2012}
}

@Article{Wild2016Nature,
 author = {Wild, Sarah},
 title = {{Mapping Africa's soil microbiome}},
 journal = {Nature},
 year = {2016},
 volume = {539},
 pages = {152},
 publisher = {Springen Nature}
}

@article{WilsonJetz2016,
    author = {Wilson, Adam M. AND Jetz, Walter},
    journal = {PLOS Biology},
    publisher = {Public Library of Science},
    title = {{Remotely Sensed High-Resolution Global Cloud Dynamics for Predicting Ecosystem and Biodiversity Distributions}},
    year = {2016},
    month = {03},
    volume = {14},
    pages = {1-20},
    number = {3},
    doi = {10.1371/journal.pbio.1002415}
}

@book{Karger2016CHELSA,
  title={Climatologies at high resolution for the earth's land surface areas},
  author={Karger, Dirk Nikolaus and Conrad, Olaf and B{\"o}hner, J{\"u}rgen and Kawohl, Tobias and Kreft, Holger and Soria-Auza, Rodrigo Wilber and Zimmermann, Niklaus and Linder, H. Peter and Kessler, Michael},
  publisher={World Data Center for Climate},
  pages={24},
  year={2016},
}

@article{macdonald2012quantitative,
  title={{Quantitative maps of groundwater resources in Africa}},
  author={MacDonald, A.M. and Bonsor, H.C. and Dochartaigh, B. {\'E}. {\'O}. and Taylor, R.G.},
  journal={Environmental Research Letters},
  volume={7},
  number={2},
  pages={024009},
  year={2012},
  publisher={IOP Publishing}
}

@book{borda2011fundamentals,
  title={Fundamentals in Information Theory and Coding},
  author={Borda, M.},
  isbn={9783642203473},
  lccn={2011925863},
  year={2011},
  publisher={Springer Berlin Heidelberg}
}

@article{shannon1949communication,
  title={Communication in the presence of noise},
  author={Shannon, Claude Elwood},
  journal={Proceedings of the IRE},
  volume={37},
  number={1},
  pages={10--21},
  year={1949},
  publisher={IEEE}
}

@article{ben2009using,
  title={Using imaging spectroscopy to study soil properties},
  author={Ben-Dor, E and Chabrillat, S and Dematt{\^e}, JAM and Taylor, GR and Hill, J and Whiting, ML and Sommer, S},
  journal={Remote Sensing of Environment},
  volume={113},
  pages={S38--S55},
  year={2009},
  publisher={Elsevier}
}

@article{stevens2008laboratory,
  title={Laboratory, field and airborne spectroscopy for monitoring organic carbon content in agricultural soils},
  author={Stevens, Antoine and van Wesemael, Bas and Bartholomeus, Harm and Rosillon, Damien and Tychon, Bernard and Ben-Dor, Eyal},
  journal={Geoderma},
  volume={144},
  number={1},
  pages={395--404},
  year={2008},
  publisher={Elsevier}
}

@INCOLLECTION{feingersh2015shalom,
  author =       {Feingersh, Tal and Dor, Eyal Ben},
  title =        {SHALOM--A Commercial Hyperspectral Space Mission},
  booktitle =    {Optical Payloads for Space Missions},
  year =         {2016},
  editor ={Qian, S.E.},
  isbn={9781118945148},
  lccn={2015017195},
  publisher={Wiley}
}

@article{minty2009radiometric,
  title={{The Radiometric Map of Australia}},
  author={Minty, Brian and Franklin, Ross and Milligan, Peter and Richardson, Murray and Wilford, John},
  journal={Exploration Geophysics},
  volume={40},
  number={4},
  pages={325--333},
  year={2009},
  publisher={Australian Society of Exploration Geophysicists (ASEG) PO Box 8463, Perth Business Centre WA 6849 Australia}
}

@article{vanlauwe2014integrated,
  title={{Integrated soil fertility management in sub-Saharan Africa: unraveling local adaptation}},
  author={Vanlauwe, B and Descheemaeker, K and Giller, KE and Huising, J and Merckx, R and Nziguheba, G and Wendt, J and Zingore, S},
  journal={Soil Discuss},
  volume={1},
  pages={1239--1286},
  year={2014}
}

@Article{Drechsel2001,
author="Drechsel, Pay and Kunze, Dagmar and de Vries, Frits Penning",
title="Soil Nutrient Depletion and Population Growth in Sub-Saharan Africa: A Malthusian Nexus?",
journal="Population and Environment",
year="2001",
volume="22",
number="4",
pages="411--423",
issn="1573-7810",
doi="10.1023/A:1006701806772"
}

@article{vanlauwe2006popular,
  title={Popular myths around soil fertility management in sub-Saharan Africa},
  author={Vanlauwe, Bernard and Giller, Ken E},
  journal={Agriculture, ecosystems \& environment},
  volume={116},
  number={1},
  pages={34--46},
  year={2006},
  publisher={Elsevier}
}

@article{Fritz2015GCB12838,
author = {Fritz, Steffen and See, Linda and McCallum, Ian and You, Liangzhi and Bun, Andriy and Moltchanova, Elena and Duerauer, Martina and Albrecht, Fransizka and Schill, Christian and Perger, Christoph and Havlik, Petr and Mosnier, Aline and Thornton, Philip and Wood-Sichra, Ulrike and Herrero, Mario and Becker-Reshef, Inbal and Justice, Chris and Hansen, Matthew and Gong, Peng and Abdel Aziz, Sheta and Cipriani, Anna and Cumani, Renato and Cecchi, Giuliano and Conchedda, Giulia and Ferreira, Stefanus and Gomez, Adriana and Haffani, Myriam and Kayitakire, Francois and Malanding, Jaiteh and Mueller, Rick and Newby, Terence and Nonguierma, Andre and Olusegun, Adeaga and Ortner, Simone and Rajak, D. Ram and Rocha, Jansle and Schepaschenko, Dmitry and Schepaschenko, Maria and Terekhov, Alexey and Tiangwa, Alex and Vancutsem, Christelle and Vintrou, Elodie and Wenbin, Wu and van der Velde, Marijn and Dunwoody, Antonia and Kraxner, Florian and Obersteiner, Michael},
title = {Mapping global cropland and field size},
journal = {Global Change Biology},
volume = {21},
number = {5},
issn = {1365-2486},
doi = {10.1111/gcb.12838},
pages = {1980--1992},
year = {2015},
}

@book{roy2006plant,
  title={{Plant nutrition for food security: A guide for integrated nutrient management}},
  author={Roy, R.N. and Finck, A. and Blair, G.J. and Tandon, H.L.S.},
  publisher={FAO},
  series={Fertilizer and Plant Nutrition Bulletin},
  volume={16},
  pages={368},
  year={2006}
}

@ARTICLE{DailyNews2014Tanzania,
  author =       {{AllAfrica Global Media}},
  title =        {{Tanzania: Govt for New Monitoring System in Agriculture}},
  journal =      {AllAfrica.com},
  year =         {2014},
  pages =        {2},
  month =        {Sept},
}

@book{barber1995soil,
  title={Soil nutrient bioavailability: a mechanistic approach},
  author={Barber, Stanley A},
  year={1995},
  publisher={John Wiley \& Sons}
}

@book{stoorvogel1990assessment,
  title={Assessment of soil nutrient depletion in Sub-Saharan Africa: 1983-2000},
  author={Stoorvogel, Jetse Jacob and Smaling, Eric Marc Alexander and others},
  volume={1},
  year={1990},
  publisher={Winand Staring Centre Wageningen}
}

@article{towett2015total,
  title={Total elemental composition of soils in Sub-Saharan Africa and relationship with soil forming factors},
  author={Towett, Erick K and Shepherd, Keith D and Tondoh, Jerome E and Winowiecki, Leigh A and Lulseged, Tamene and Nyambura, Mercy and Sila, Andrew and V{\aa}gen, Tor-G and Cadisch, Georg},
  journal={Geoderma Regional},
  volume={5},
  pages={157--168},
  year={2015},
  publisher={Elsevier}
}

@article{Hengl2016SoilGrids250,
    author = {Hengl, Tomislav AND Mendes de Jesus, Jorge AND Heuvelink, Gerard B. M. AND Ruiperez Gonzalez, Maria AND Kilibarda, Milan AND Blagoti\'{c}, Aleksandar AND Shangguan, Wei AND Wright, Marvin N. AND Geng, Xiaoyuan AND Bauer-Marschallinger, Bernhard AND Guevara, Mario Antonio AND Vargas, Rodrigo AND MacMillan, Robert A. AND Batjes, Niels H. AND Leenaars, Johan G. B. AND Ribeiro, Eloi AND Wheeler, Ichsani AND Mantel, Stephan AND Kempen, Bas},
    journal = {PLOS ONE},
    publisher = {Public Library of Science},
    title = {{SoilGrids250m: Global gridded soil information based on machine learning}},
    year = {2017},
    month = {02},
    volume = {12},
    pages = {1-40},
    number = {2},
    doi = {10.1371/journal.pone.0169748}
}

@article{vaagen2016mapping,
  title={{Mapping of soil properties and land degradation risk in Africa using MODIS reflectance}},
  author={V{\aa}gen, Tor-G and Winowiecki, Leigh A and Tondoh, Jerome E and Desta, Lulseged T and Gumbricht, Thomas},
  journal={Geoderma},
  volume={263},
  pages={216--225},
  year={2016},
  publisher={Elsevier}
}

@article{eckert1996integrating,
  title={{Integrating the Mehlich-3 extractant into existing soil test interpretation schemes 1}},
  author={Eckert, DJ and Watson, ME},
  journal={Communications in Soil Science \& Plant Analysis},
  volume={27},
  number={5-8},
  pages={1237--1249},
  year={1996},
  publisher={Taylor \& Francis}
}

@incollection{alloway2008micronutrients,
  title={{Micronutrients and crop production: An introduction}},
  author={Alloway, Brian J},
  booktitle={Micronutrient deficiencies in global crop production},
  pages={1--39},
  year={2008},
  publisher={Springer}
}

@article{lal1987managing,
  title={{Managing the soils of sub-Saharan Africa}},
  author={Lal, Rattan},
  journal={Science},
  volume={236},
  number={4805},
  pages={1069--1076},
  year={1987},
  publisher={The American Association for the Advancement of Science}
}

@article{folberth2016uncertainty,
  title={Uncertainty in soil data can outweigh climate impact signals in global crop yield simulations},
  author={Folberth, Christian and Skalsk{\'y}, Rastislav and Moltchanova, Elena and Balkovi{\v{c}}, Juraj and Azevedo, Ligia B and Obersteiner, Michael and {van der Velde}, Marijn},
  journal={Nature Communications},
  volume={7},
  year={2016},
  publisher={Nature Publishing Group}
}

@article{klein2011hyde,
  title={{The HYDE 3.1 spatially explicit database of human-induced global land-use change over the past 12,000 years}},
  author={Klein Goldewijk, Kees and Beusen, Arthur and Van Drecht, Gerard and De Vos, Martine},
  journal={Global Ecology and Biogeography},
  volume={20},
  number={1},
  pages={73--86},
  year={2011},
  publisher={Wiley Online Library}
}

@book{mantel2007biophysical,
  title={Biophysical land suitability for oil palm in Kalimantan, Indonesia},
  author={Mantel, S and W{\"o}sten, H and Verhagen, J and others},
  publisher={ISRIC --- World Soil Information},
  pages={34},
  year={2007},
  series = {ISRIC Report 2007/01}
}

@article{cohen1968weighted,
  title={Weighted kappa: Nominal scale agreement provision for scaled disagreement or partial credit.},
  author={Cohen, Jacob},
  journal={Psychological bulletin},
  volume={70},
  number={4},
  pages={213},
  year={1968},
  publisher={American Psychological Association}
}

@article{searle2014australian,
  title={The Australian site data collation to support the GlobalSoilMap},
  author={Searle, R},
  journal={GlobalSoilMap: Basis of the global spatial soil information system},
  pages={127},
  year={2014},
  publisher={CRC Press}
}

@Article{essd-5-3-2013,
AUTHOR = {Hugelius, G. and Tarnocai, C. and Broll, G. and Canadell, J. G. and Kuhry, P. and Swanson, D. K.},
TITLE = {The Northern Circumpolar Soil Carbon Database: spatially distributed datasets of soil coverage and soil carbon storage in the northern permafrost regions},
JOURNAL = {Earth System Science Data},
VOLUME = {5},
YEAR = {2013},
NUMBER = {1},
PAGES = {3--13},
DOI = {10.5194/essd-5-3-2013}
}

@inproceedings{krogh1996learning,
  title={Learning with ensembles: How over-fitting can be useful},
  author={Sollich, Peter and Krogh, Anders},
  booktitle={Proceedings of the 1995 Conference},
  volume={8},
  pages={190},
  year={1996}
}

@ARTICLE{Kidd2015SR,
  author = {Kidd, Darren and Webb, Mathew and Malone, Brendan and Minasny, Budiman and McBratney, Alex},
  title = {Eighty-metre resolution 3D soil-attribute maps for Tasmania, Australia},
  journal = {Soil Research},
  year = {2015},
  volume = {53},
  pages = {932--955},
  number = {8},
  url = {http://dx.doi.org/10.1071/SR14268}
}


@article{pogson2012sensitivity,
  title={Sensitivity of crop model predictions to entire meteorological and soil input datasets highlights vulnerability to drought},
  author={Pogson, Mark and Hastings, Astley and Smith, Pete},
  journal={Environmental Modelling \& Software},
  volume={29},
  number={1},
  pages={37--43},
  year={2012},
  publisher={Elsevier}
}

@BOOK{TERN2014,
  author =       {Viscarra Rossel, Raphael and Chen, Charlie and Grundy, Mike and Searle, Ross and Clifford, David and Odgers, Nathan and Holmes, Karen and Griffin, Ted and Liddicoat, Craig and Kidd, Darren},
  title =        {Soil and Landscape Grid National Soil Attribute Maps --- Organic Carbon (3" resolution) --- Release 1. v1.},
  publisher =    {CSIRO},
  year =         {2014},
  series =       {Data Collection},
  address =      {Canberra, Australia},
  doi =         {10.4225/08/547523BB0801A},
}

@article{malone2014using,
  title={Using model averaging to combine soil property rasters from legacy soil maps and from point data},
  author={Malone, Brendan P and Minasny, Budiman and Odgers, Nathan P and McBratney, Alex B},
  journal={Geoderma},
  volume={232},
  pages={34--44},
  year={2014},
  publisher={Elsevier}
}

@book{Conrad2007PhD,
  author = {Conrad, O.},
  title = {{SAGA --- Entwurf, Funktionsumfang und Anwendung eines Systems f\"{u}r Automatisierte Geowissenschaftliche Analysen}},
  publisher = {University of G\"{o}ttingen},
  year = {2007},
  address = {G\"{o}ttingen},
  pages = {256}
}

@article{JSSv028i05,
   author = {Max Kuhn},
   title = {{Building Predictive Models in R Using the caret Package}},
   journal = {Journal of Statistical Software},
   volume = {28},
   number = {1},
   year = {2008},
 issn = {1548-7660},
  pages = {1--26},
  doi = {10.18637/jss.v028.i05},
}

@article{pebesma2005classes,
  title={Classes and methods for spatial data in R},
  author={Pebesma, Edzer J and Bivand, Roger S},
  journal={R news},
  volume={5},
  number={2},
  pages={9--13},
  year={2005}
}

@Manual{raster,
  title  = {raster: Geographic data analysis and modeling},
  author = {Hijmans, Robert J. and {van Etten}, Jacob},
  year   = {2012},
  note   = {R~package version~2.0-41},
  url    = {http://CRAN.R-project.org/package=raster},
}

@article{Ballabio2016110,
title = "Mapping topsoil physical properties at European scale using the \{LUCAS\} database ",
journal = "Geoderma ",
volume = "261",
number = "",
pages = "110 - 123",
year = "2016",
note = "",
issn = "0016-7061",
doi = "10.1016/j.geoderma.2015.07.006",
author = "Cristiano Ballabio and Panos Panagos and Luca Monatanarella",
}

@article{ViscarraRossel2016198,
title = "A global spectral library to characterize the world's soil",
journal = "Earth-Science Reviews",
volume = "155",
number = "",
pages = "198--230",
year = "2016",
note = "",
issn = "0012-8252",
doi = "http://dx.doi.org/10.1016/j.earscirev.2016.01.012",
author = "R.A. Viscarra Rossel and T. Behrens and E. Ben-Dor and D.J. Brown and J.A.M. Dematt? and K.D. Shepherd and Z. Shi and B. Stenberg and A. Stevens and V. Adamchuk and H. A?chi and B.G. Barth?s and H.M. Bartholomeus and A.D. Bayer and M. Bernoux and K. B?ttcher and L. Brodsk? and C.W. Du and A. Chappell and Y. Fouad and V. Genot and C. Gomez and S. Grunwald and A. Gubler and C. Guerrero and C.B. Hedley and M. Knadel and H.J.M. Morr?s and M. Nocita and L. Ramirez-Lopez and P. Roudier and E.M. Rufasto Campos and P. Sanborn and V.M. Sellitto and K.A. Sudduth and B.G. Rawlins and C. Walter and L.A. Winowiecki and S.Y. Hong and W. Ji",
}

@article{Aksoy2016,
    author = {Aksoy, Ece AND Yigini, Yusuf AND Montanarella, Luca},
    journal = {PLoS ONE},
    publisher = {Public Library of Science},
    title = {{Combining Soil Databases for Topsoil Organic Carbon Mapping in Europe}},
    year = {2016},
    month = {03},
    volume = {11},
    pages = {1-17},
    number = {3},
    doi = {10.1371/journal.pone.0152098}
}

@book{lopes2015measuring,
  title={{Measuring the Algorithmic Convergence of Random Forests via Bootstrap Extrapolation}},
  author={Lopes, Miles E},
  publisher={Department of Statistics, University of California},
  address={Davis CA},
  pages={25},
  year={2015}
}

@ARTICLE{2016arXiv160302754C,
   author = {{Chen}, T. and {Guestrin}, C.},
    title = "{XGBoost: A Scalable Tree Boosting System}",
  journal = {ArXiv e-prints},
archivePrefix = "arXiv",
   eprint = {1603.02754},
 primaryClass = "cs.LG",
 keywords = {Computer Science - Learning},
     year = 2016,
    month = mar,
   adsurl = {http://adsabs.harvard.edu/abs/2016arXiv160302754C},
  adsnote = {Provided by the SAO/NASA Astrophysics Data System}
}

@ARTICLE{2015arXiv150804409W,
   author = {{Wright}, M.~N. and {Ziegler}, A.},
    title = "{ranger: A Fast Implementation of Random Forests for High Dimensional Data in C++ and R}",
  journal = {ArXiv e-prints},
archivePrefix = "arXiv",
   eprint = {1508.04409},
 primaryClass = "stat.ML",
 keywords = {Statistics - Machine Learning, Statistics - Computation},
     year = 2015,
    month = aug,
   adsurl = {http://adsabs.harvard.edu/abs/2015arXiv150804409W},
  adsnote = {Provided by the SAO/NASA Astrophysics Data System}
}

@ARTICLE{Wright2016,
   author = {{Wright}, M.~N. and {Ziegler}, A.},
    title = "{ranger: A Fast Implementation of Random Forests for High Dimensional Data in C++ and R}",
  journal = {Journal of Statistical Software},
  issue = {in press},
     year = {2016},
     pages = {18},
}

@article {shangguan2016,
author = {Shangguan, Wei and Hengl, Tomislav and Dai, Yongjiu and Mendes de Jesus, Jorge and Yuan, Hua},
title = {Global map of depth to bedrock based on combined water well logs and soil profile data},
journal = {Journal of Geophysical Research},
volume = {in review},
number = {},
pages = {25},
year = {2016},
}

@article{raup2007glims,
  title={{The GLIMS geospatial glacier database: a new tool for studying glacier change}},
  author={Raup, Bruce and Racoviteanu, Adina and Khalsa, Siri Jodha Singh and Helm, Christopher and Armstrong, Richard and Arnaud, Yves},
  journal={Global and Planetary Change},
  volume={56},
  number={1},
  pages={101--110},
  year={2007},
  publisher={Elsevier}
}

@article{Pelletier2016,
   author = {Pelletier, J. D. and Broxton, P. D. and Hazenberg, P. and Zeng, X. and Troch, P. A. and Niu, G.-Y. and Williams, Z. and Brunke, M. A. and Gochis, D.},
   title = {A gridded global data set of soil, immobile regolith, and sedimentary deposit thicknesses for regional and global land surface modeling},
   journal = {Journal of Advances in Modeling Earth Systems},
   volume = {8},
   doi = "10.1002/2015MS000526",
   year = {2016}
}

@article{giri2011status,
  title={Status and distribution of mangrove forests of the world using earth observation satellite data},
  author={Giri, Chandra and Ochieng, E and Tieszen, Larry L and Zhu, Z and Singh, Ashbindu and Loveland, T and Masek, J and Duke, Norm},
  journal={Global Ecology and Biogeography},
  volume={20},
  number={1},
  pages={154--159},
  year={2011},
  publisher={Wiley Online Library}
}

@book{sayre2014new,
  title={A new map of global ecological land units---an ecophysiographic stratification approach},
  author={Sayre, Roger and Dangermond, Jack and Frye, Charlie and Vaughan, Randy and Aniello, Peter and Breyer, Sean and Cribbs, Douglas and Hopkins, Dabney and Nauman, Richard and Derrenbacher, William and others},
  publisher={USGS / Association of American Geographers},
  address={Washington, DC},
  year={2014}
}

@book{huffman2009gpcp,
  title={{GPCP version 2 combined precipitation data set documentation}},
  author={Huffman, George J and Bolvin, David T},
  publisher={Laboratory for Atmospheres, NASA Goddard Space Flight Center and Science Systems and Applications},
  volume={1},
  year={2009}
}

@article{hall2007accuracy,
  title={{Accuracy assessment of the MODIS snow products}},
  author={Hall, Dorothy K and Riggs, George A},
  journal={Hydrological Processes},
  volume={21},
  number={12},
  pages={1534--1547},
  year={2007},
  publisher={Wiley Online Library}
}

@book{wan2006modis,
  title={{MODIS land surface temperature products users' guide}},
  author={Wan, Zhengming},
  publisher={ICESS, University of California},
  pages={35},
  year={2006}
}

@article{mira2015modis,
  title={The MODIS (collection V006) BRDF/albedo product MCD43D: temporal course evaluated over agricultural landscape},
  author={Mira, Maria and Weiss, Marie and Baret, Fr{\'e}d{\'e}ric and Courault, Dominique and Hagolle, Olivier and Gallego-Elvira, Belen and Olioso, Albert},
  journal={Remote Sensing of Environment},
  volume={170},
  pages={216--228},
  year={2015},
  publisher={Elsevier}
}

@book{Danielson2011GMTED,
  title={{Global multi-resolution terrain elevation data 2010 (GMTED2010)}},
  author={Danielson, J.J. and and Gesch, D.B.},
  series={Open-File Report 2011-1073},
  year={2011},
  publisher={U.S. Geological Survey},
  pages={26}
}

@book{mitchell2014geospatial,
  title={{Geospatial Power Tools: GDAL Raster \& Vector Commands}},
  author={Mitchell, T. and Gdal Developers},
  isbn={9780989421713},
  year={2014},
  publisher={Locate Press}
}

@article{BauerMarschallinger201484,
title = "Optimisation of global grids for high-resolution remote sensing data ",
journal = "Computers \& Geosciences ",
volume = "72",
number = "",
pages = "84 - 93",
year = "2014",
note = "",
issn = "0098-3004",
doi = "10.1016/j.cageo.2014.07.005",
author = "Bauer-Marschallinger, Bernhard and Sabel, Daniel and Wagner, Wolfgang"
}

@article{Lei1998,
 ISSN = {00384909},
 author = {Lei, Simon A.},
 journal = {The Southwestern Naturalist},
 number = {1},
 pages = {47--52},
 publisher = {Southwestern Association of Naturalists},
 title = {Soil Properties of the Kelso Sand Dunes in the Mojave Desert},
 volume = {43},
 year = {1998}
}

@book{Candel2015h2o,
  title={{Deep Learning with H2O}},
  author={Candel, Arno and Lanford, Jessica and LeDell, Erin and Parmar, Viraj and Arora, Anisha},
  address={Mountain View, CA},
  year={2015},
  publisher={H2O.ai, Inc.}
}

@book{shaw2005ecosystem,
  title={An Ecosystem Carbon Database for Canadian Forests},
  author={Shaw, C. and Bhatti, J.S. and Sabourin, K.J.},
  series={Information report},
  address={Edmonton, Alberta},
  year={2005},
  publisher={Canadian Forest Service, Northern Forestry Centre}
}

@INPROCEEDINGS{Eberhardt2011,
  author =       {Eberhardt, Einar},
  title =        {Deriving WRB soil types using National German Soil Survey Guidelines},
  booktitle =    {NCSS National Conference},
  year =         {2011},
  series =       {NCSS Standards},
  address =      {Asheville, NC},
  month =        {November},
  pages =        {1--2},
  publisher =    {United States Department of Agriculture USDA-NRCS},
}

@article{brevik2016soil,
  title={Soil mapping, classification, and pedologic modeling: History and future directions},
  author={Brevik, Eric C and Calzolari, Costanza and Miller, Bradley A and Pereira, Paulo and Kabala, Cezary and Baumgarten, Andreas and Jord{\'a}n, Antonio},
  journal={Geoderma},
  volume={264},
  pages={256--274},
  year={2016},
  publisher={Elsevier}
}

@article{lang2013soil,
  title={Soil taxonomic distance, a tool for correlation: As exemplified by the Hungarian Brown Forest Soils and related WRB Reference Soil Groups},
  author={L{\'a}ng, Vince and Fuchs, M{\'a}rta and Waltner, Istv{\'a}n and Mich{\'e}li, Erika},
  journal={Geoderma},
  volume={192},
  pages={269--276},
  year={2013},
  publisher={Elsevier}
}

@article{kilibarda2014spatio,
  title={Spatio-temporal interpolation of daily temperatures for global land areas at 1 km resolution},
  author={Kilibarda, Milan and Hengl, Tomislav and Heuvelink, Gerard and Gr{\"a}ler, Benedikt and Pebesma, Edzer and Per{\v{c}}ec Tadi{\'c}, Melita and Bajat, Branislav},
  journal={Journal of Geophysical Research: Atmospheres},
  volume={119},
  number={5},
  pages={2294--2313},
  year={2014},
  publisher={Wiley-Blackwell}
}

@BOOK{Krasilnikov2009handbook,
  title = {{A Handbook of Soil Terminology, Correlation and Classification}},
  publisher = {Earthscan LLC},
  year = {2009},
  editor = {Krasilnikov, P. and Marti, J.J.I. and Arnold, R. and Shoba, S.},
  isbn = {9781849774352},
}


@BOOK{Ribeiro2015,
  editor       = {Ribeiro, E. and Batjes, N. and Leenaars, J.G.B. and {van Oostrum}, A.},
  title        = {Towards the standardization and harmonization of world soil data},
  publisher    = {ISRIC --- World Soil Information},
  series       = {ISRIC Report 2015/03},
  address      = {Wageningen, the Netherlands},
  pages        = {101},
  year         = {2015},
}

@article{domisch2015near,
  title={Near-global freshwater-specific environmental variables for biodiversity analyses in 1 km resolution},
  author={Domisch, Sami and Amatulli, Giuseppe and Jetz, Walter},
  journal={Scientific data},
  volume={2},
  year={2015},
  publisher={Nature Publishing Group}
}

@article{mulder2016national,
  title={National versus global modelling the 3D distribution of soil organic carbon in mainland France},
  author={Mulder, VL and Lacoste, M and Richer-de-Forges, AC and Martin, MP and Arrouays, D},
  journal={Geoderma},
  volume={263},
  pages={16--34},
  year={2016},
  publisher={Elsevier}
}

@article{griffiths2016mapping,
  title={Mapping and validating predictions of soil bacterial biodiversity using European and national scale datasets},
  author={Griffiths, Robert I and Thomson, Bruce C and Plassart, Pierre and Gweon, Hyun S and Stone, Dorothy and Creamer, Rachael E and Lemanceau, Philippe and Bailey, Mark J},
  journal={Applied Soil Ecology},
  volume={97},
  pages={61--68},
  year={2016},
  publisher={Elsevier}
}

@article{shani2007plant,
  title={Plant response to the soil environment: An analytical model integrating yield, water, soil type, and salinity},
  author={Shani, Uri and Ben-Gal, Alon and Tripler, Effi and Dudley, Lynn M},
  journal={Water resources research},
  volume={43},
  number={8},
  year={2007},
  publisher={Wiley Online Library}
}

@article{fan2013global,
  title={Global patterns of groundwater table depth},
  author={Fan, Y and Li, H and Miguez-Macho, G},
  journal={Science},
  volume={339},
  number={6122},
  pages={940--943},
  year={2013},
  publisher={American Association for the Advancement of Science}
}

@article{Stockmann20159,
title = "Global soil organic carbon assessment",
journal = "Global Food Security ",
volume = "6",
number = "",
pages = "9--16",
year = "2015",
note = "",
issn = "2211-9124",
doi = "http://dx.doi.org/10.1016/j.gfs.2015.07.001",
author = "Stockmann, Uta and Padarian, Jos\'{e} and McBratney, Alex and Minasny, Budiman and {de Brogniez}, Delphine and Montanarella, Luca and Young Hong, Suk and Rawlins, Barry G. and Field, Damien J.",
}

@article {shangguan2013china,
author = {Shangguan, Wei and Dai, Yongjiu and Liu, Baoyuan and Zhu, Axing and Duan, Qingyun and Wu, Lizong and Ji, Duoying and Ye, Aizhong and Yuan, Hua and Zhang, Qian and Chen, Dongdong and Chen, Ming and Chu, Jianting and Dou, Youjun and Guo, Jianxia and Li, Haiqin and Li, Junjia and Liang, Lu and Liang, Xiao and Liu, Heping and Liu, Shuyan and Miao, Chiyuan and Zhang, Yizhou},
title = {A China data set of soil properties for land surface modeling},
journal = {Journal of Advances in Modeling Earth Systems},
volume = {5},
number = {2},
issn = {1942-2466},
doi = {10.1002/jame.20026},
pages = {212--224},
year = {2013},
}


@ARTICLE{Russell2014,
  author = {Lawley, Russell and Emmett, Bridget A. and Robinson, David A.},
  title = {Databases: Soil observatory lets researchers dig deep},
  journal = {Nature},
  year = {2014},
  volume = {509},
  pages = {427--427},
  number = {7501},
  month = may,
  issn = {0028-0836},
  publisher = {Nature Publishing Group, a division of Macmillan Publishers Limited.
	All Rights Reserved.},
  url = {http://dx.doi.org/10.1038/509427b}
}


@article{Visser2015,
    author = {Visser, Marco D. AND McMahon, Sean M. AND Merow, Cory AND Dixon, Philip M. AND Record, Sydne AND Jongejans, Eelke},
    journal = {PLoS Comput Biol},
    publisher = {Public Library of Science},
    title = {Speeding Up Ecological and Evolutionary Computations in R; Essentials of High Performance Computing for Biologists},
    year = {2015},
    month = {03},
    volume = {11},
    url = {http://dx.doi.org/10.1371%2Fjournal.pcbi.1004140},
    pages = {e1004140},
    number = {3},
    doi = {10.1371/journal.pcbi.1004140}
}

@book{kanevski2009machine,
  title={{Machine Learning for Spatial Environmental Data: Theory, Applications, and Software}},
  author={Kanevski, M. and Timonin, V. and Pozdnukhov, A.},
  isbn={9781439808085},
  series={Environmental sciences},
  year={2009},
  publisher={EFPL Press}
}

@article{Hengl2015AfSoilGrids250m,
    author = {Hengl, Tomislav AND Heuvelink, Gerard B.M. AND Kempen, Bas AND Leenaars, Johan G.B.  AND Walsh, Markus G. AND Shepherd, Keith D. AND Sila, Andrew AND  MacMillan, Robert A. AND  Mendes {de Jesus}, Jorge AND Tamene, Lulseged AND Tondoh, J\'{e}r\^{o}me E.},
    journal = {PLoS ONE},
    publisher = {Public Library of Science},
    title = {{Mapping Soil Properties of Africa at 250~m Resolution: Random Forests Significantly Improve Current Predictions}},
    year = {2015},
    month = {06},
    volume = {10},
    number = {e0125814},
    doi = {10.1371/journal.pone.0125814}
}

@article{vanwalleghem2010spatial,
  title={Spatial variability of soil horizon depth in natural loess-derived soils},
  author={Vanwalleghem, Tom and Poesen, Jean and McBratney, A and Deckers, J},
  journal={Geoderma},
  volume={157},
  number={1},
  pages={37--45},
  year={2010},
  publisher={Elsevier}
}

@article{rijsberman1985effect,
  title={Effect of erosion on soil productivity: an international comparison},
  author={Rijsberman, Frank R and Wolman, M Gordon},
  journal={Journal of soil and water conservation},
  volume={40},
  number={4},
  pages={349--354},
  year={1985},
  publisher={Soil and Water Conservation Society}
}

@book{driessen1992land,
  title={Land-use systems analysis},
  author={Driessen, Paul M and Konijn, Nicolaas T},
  year={1992},
  publisher={Wageningen Agricultural University}
}

@article{dimiceli2011annual,
  title={{Annual global automated MODIS vegetation continuous fields (MOD44B) at 250 m spatial resolution for data years beginning day 65, 2000--2010, collection 5 percent tree cover}},
  author={DiMiceli, CM and Carroll, ML and Sohlberg, RA and Huang, C and Hansen, MC and Townshend, JRG},
  journal={University of Maryland, College Park, MD, USA},
  year={2011}
}

@article{Oreskes04021994,
author = {Oreskes, Naomi and Shrader-Frechette, Kristin and Belitz, Kenneth},
title = {{Verification, Validation, and Confirmation of Numerical Models in the Earth Sciences}},
volume = {263},
number = {5147},
pages = {641-646},
year = {1994},
doi = {10.1126/science.263.5147.641},
journal = {Science}
}

@INPROCEEDINGS{Baade2014IEE,
author={Baade, J. and Schmullius, C.},
booktitle={Geoscience and Remote Sensing Symposium (IGARSS), 2014 IEEE International},
title={{Uncertainties of a TanDEM-X derived Digital Surface Model 2014 --- A case study from the Roda catchment, Germany}},
year={2014},
month={July},
pages={4327-4330},
doi={10.1109/IGARSS.2014.6947447},
}

@article{Gasch2015SPASTA,
title = {{Spatio-temporal interpolation of soil water, temperature, and electrical conductivity in 3D+T: The Cook Agronomy Farm data set}},
journal = {Spatial Statistics},
volume = {14},
number = {Part A},
pages = {70--90},
year = {2015},
issn = {2211-6753},
doi = {10.1016/j.spasta.2015.04.001},
author = {Gasch, Caley and Hengl, Tomislav and Gr\"{a}ler, Benedikt and Meyer, Hanna and Magney, Troy and Brown, David},
}

@book{central2014world,
  title={{The World Factbook (With Maps) 2013--14}},
  author={Central Intelligence Agency},
  isbn={9781598047424},
  series={World Factbook},
  year={2014},
  publisher={Claitors Pub Division}
}

@article{herrick2013global,
  title={{The global Land-Potential Knowledge System (LandPKS): Supporting evidence-based, site-specific land use and management through cloud computing, mobile applications, and crowdsourcing}},
  author={Herrick, Jeffrey E and Urama, Kevin C and Karl, Jason W and Boos, John and Johnson, Mari-Vaughn V and Shepherd, Keith D and Hempel, Jon and Bestelmeyer, Brandon T and Davies, Jonathan and Guerra, Jorge Larson and others},
  journal={Journal of Soil and Water Conservation},
  volume={68},
  number={1},
  pages={5A--12A},
  year={2013},
  publisher={Soil and Water Conservation Society}
}

@Article{rs2071844,
AUTHOR = {Pittman, Kyle and Hansen, Matthew C. and Becker-Reshef, Inbal and Potapov, Peter V. and Justice, Christopher O.},
TITLE = {{Estimating Global Cropland Extent with Multi-year MODIS Data}},
JOURNAL = {Remote Sensing},
VOLUME = {2},
YEAR = {2010},
NUMBER = {7},
PAGES = {1844--1863},
ISSN = {2072-4292},
DOI = {10.3390/rs2071844}
}

@article{sing2005rocr,
  title={{ROCR: visualizing classifier performance in R}},
  author={Sing, Tobias and Sander, Oliver and Beerenwinkel, Niko and Lengauer, Thomas},
  journal={Bioinformatics},
  volume={21},
  number={20},
  pages={3940--3941},
  year={2005},
  publisher={Oxford Univ Press}
}

@Manual{ROCR,
  title  = {\textsf{ROCR}: Visualizing the Performance of Scoring Classifiers},
  author = {Sing, Tobias and Sander, Oliver and Beerenwinkel, Niko and Lengauer, Thomas},
  year   = {2016},
  note   = {R~package version~1.0.7},
  url    = {http://CRAN.R-project.org/package=ROCR},
}

@Manual{soil.spec,
  title  = {\textsf{soil.spec}: Soil Spectroscopy Tools and Reference Models},
  author = {Sila, Andrew and Hengl, Tomislav and Terhoeven-Urselmans, Thomas},
  year   = {2015},
  note   = {R~package version~2.1.4},
  url    = {http://CRAN.R-project.org/package=soil.spec},
}

@Manual{GSIF,
  title  = {\textsf{GSIF}: Global Soil Information Facilities},
  author = {Hengl, Tomislav and Kempen, Bas and Heuvelink, Gerard and Malone, Brendan},
  year   = {2015},
  note   = {R~package version~0.4.5},
  url    = {http://CRAN.R-project.org/package=GSIF},
}

@ARTICLE{Fitzpatrick2013MaxLike,
  author = {Fitzpatrick, Matthew C. and Gotelli, Nicholas J. and Ellison, Aaron
	M.},
  title = {{MaxEnt versus MaxLike: empirical comparisons with ant species distributions}},
  journal = {Ecosphere},
  year = {2013},
  volume = {4},
  pages = {art55--},
  number = {5},
  month = may,
  doi = {10.1890/ES13-00066.1},
  issn = {2150-8925},
  publisher = {Ecological Society of America}
}


@article{Shepherd201593,
title = "Land health surveillance and response: A framework for evidence-informed land management",
journal = "Agricultural Systems",
volume = "132",
pages = "93-106",
year = "2015",
note = "",
issn = "0308-521X",
doi = "10.1016/j.agsy.2014.09.002",
author = "Keith D. Shepherd and Gemma Shepherd and Markus G. Walsh",
}

@Article{Statnikov2008,
AUTHOR = {Statnikov, Alexander and Wang, Lily and Aliferis, Constantin},
TITLE = {A comprehensive comparison of random forests and support vector machines for microarray-based cancer classification},
JOURNAL = {BMC Bioinformatics},
VOLUME = {9},
YEAR = {2008},
NUMBER = {1},
PAGES = {319},
DOI = {10.1186/1471-2105-9-319},
PubMedID = {18647401},
ISSN = {1471-2105}
}

@BOOK{AFM2014,
  author =       {{The Montpellier Panel}},
  title =        {No Ordinary Matter: Conserving, Restoring and Enhancing Africa's soils},
  publisher =    {{Agriculture for Impact}},
  year =         {2014},
  address =      {London},
  month =        {December},
  url =       {http://www.ag4impact.org},
}


@article {EJSS:EJSS12193,
author = {{de Brogniez}, D. and Ballabio, C. and Stevens, A. and Jones, R. J. A. and Montanarella, L. and {van Wesemael}, B.},
title = {A map of the topsoil organic carbon content of Europe generated by a generalized additive model},
journal = {European Journal of Soil Science},
publisher = {Blackwell Publishing Ltd},
issn = {1365-2389},
doi = {10.1111/ejss.12193},
pages = {n/a--n/a},
year = {2014},
}

@article{strobl2009introduction,
  title={An introduction to recursive partitioning: rationale, application, and characteristics of classification and regression trees, bagging, and random forests.},
  author={Strobl, Carolin and Malley, James and Tutz, Gerhard},
  journal={Psychological methods},
  volume={14},
  number={4},
  pages={323},
  year={2009},
  publisher={American Psychological Association}
}

@ARTICLE{Chen2014Nature,
  author = {Jun, Chen and Ban, Yifang and Li, Songnian},
  title = {{China: Open access to Earth land-cover map}},
  journal = {Nature},
  year = {2014},
  volume = {514},
  pages = {434--434},
  number = {7523},
  month = oct,
  issn = {0028-0836},
  publisher = {Nature Publishing Group, a division of Macmillan Publishers Limited.	All Rights Reserved.},
  doi = {10.1038/514434c}
}


@inproceedings{heuvelink2010implications,
  title={Implications of digital soil mapping for soil information systems},
  author={Heuvelink, GBM and Brus, DJ and De Vries, F and Va\v{s}\'{a}t, R and Walvoort, DJJ and Kempen, B and Knotters, M},
  booktitle={4th Global Workshop on Digital Soil Mapping, Rome},
  pages={24--26},
  year={2010}
}

@article{Chen2014,
title = {{Global land cover mapping at 30 m resolution: A POK-based operational approach}},
journal = {{ISPRS Journal of Photogrammetry and Remote Sensing}},
volume = "103",
number = "",
pages = "7--27",
year = "2015",
note = "Global Land Cover Mapping and Monitoring ",
issn = "0924-2716",
doi = "10.1016/j.isprsjprs.2014.09.002",
author = "Jun Chen and Jin Chen and Anping Liao and Xin Cao and Lijun Chen and Xuehong Chen and Chaoying He and Gang Han and Shu Peng and Miao Lu and Weiwei Zhang and Xiaohua Tong and Jon Mills",
}

@article{Taylor200357,
title = "Using weather ensemble predictions in electricity demand forecasting",
journal = "International Journal of Forecasting ",
volume = "19",
number = "1",
pages = "57 - 70",
year = "2003",
note = "",
issn = "0169-2070",
doi = "http://dx.doi.org/10.1016/S0169-2070(01)00123-6",
author = "James W. Taylor and Roberto Buizza",
}

@INCOLLECTION{Heuvelink2014GSM,
  author =       {Heuvelink, Gerard BM},
  title =        {Uncertainty quantification of GlobalSoilMap products},
  booktitle =    {GlobalSoilMap: Basis of the global spatial soil information system},
  publisher =    {Taylor \& Francis},
  year =         {2014},
  editor =       {Arrouays, D. and McKenzie, N. and Hempel, J. and de Forges, A.R. and McBratney, A.B.},
  pages =        {327--332},
}

@article{foody2002status,
  title={Status of land cover classification accuracy assessment},
  author={Foody, Giles M},
  journal={Remote sensing of environment},
  volume={80},
  number={1},
  pages={185--201},
  year={2002},
  publisher={Elsevier}
}

@book{gore2009our,
  title={{Our Choice: A Plan to Solve the Climate Crisis}},
  author={Gore, A.},
  isbn={9781594867347},
  lccn={2009038291},
  year={2009},
  publisher={Rodale Books}
}

@article{Mansuy201459,
title = "Digital mapping of soil properties in Canadian managed forests at 250~m of resolution using the k-nearest neighbor method",
journal = "Geoderma ",
volume = "235-236",
number = "0",
pages = "59--73",
year = "2014",
note = "",
issn = "0016-7061",
doi = "10.1016/j.geoderma.2014.06.032",
author = "Nicolas Mansuy and Evelyne Thiffault and David Par? and Pierre Bernier and Luc Guindon and Philippe Villemaire and Vincent Poirier and Andr? Beaudoin",
}

@INPROCEEDINGS{Balabio2014,
  author =       {Cristiano Ballabio AND Luca Montanarella AND Panos Panagos},
  title =        {{A First Approximation of the Global Soil Map for Europe}},
  booktitle =    {ASA, CSSA, \& SSSA International Annual Meeting},
  year =         {2014},
  series =       {ASA Section: Global Agronomy},
  address =      {Long Beach, CA},
  month =        {November},
  publisher =    {ASA, CSSA, \& SSSA},
}


@BOOK{AGRA2014,
  author = {{Alliance for a Green Revolution in Africa (AGRA)}},
  title =  {Africa agriculture status report: Climate change and smallholder agriculture in sub-Saharan Africa},
  publisher = {Alliance for a Green Revolution in Africa (AGRA)},
  year =  {2014},
  series = {Africa agriculture status reports},
  address =  {Nairobi, Kenya}
}

@Article{randomForest_pkg2012,
    title = {{Classification and Regression by randomForest}},
    author = {Liaw, Andy and Wiener, Matthew},
    journal = {R News},
    year = {2002},
    volume = {2},
    number = {3},
    pages = {18-22},
    url = {http://CRAN.R-project.org/doc/Rnews/},
  }

@article{odgers2012equal,
  title={Equal-area spline functions applied to a legacy soil database to create weighted-means maps of soil organic carbon at a continental scale},
  author={Odgers, Nathan P. and Libohova, Zamir and Thompson, James A.},
  journal={Geoderma},
  volume={189},
  pages={153--163},
  year={2012},
  publisher={Elsevier}
}

@book{snedecor1989statistical,
  title={Statistical Methods},
  author={Snedecor, G.W. and Cochran, W.G.},
  edition={8th},
  year={1989},
  publisher={Iwoa State University Press}
}

@article{chow1960tests,
  title={Tests of equality between sets of coefficients in two linear regressions},
  author={Chow, Gregory C},
  journal={Econometrica: Journal of the Econometric Society},
  pages={591--605},
  year={1960},
  publisher={JSTOR}
}

@book{kuhn2013applied,
  title={Applied predictive modeling},
  author={Kuhn, Max and Johnson, Kjell},
  year={2013},
  publisher={Springer},
  pages={595}
}

@article{Sexton2013,
author = {Sexton, Joseph O. and Song, Xiao-Peng and Feng, Min and Noojipady, Praveen and Anand, Anupam and Huang, Chengquan and Kim, Do-Hyung and Collins, Kathrine M. and Channan, Saurabh and DiMiceli, Charlene and Townshend, John R.},
title = {{Global, 30-m resolution continuous fields of tree cover: Landsat-based rescaling of MODIS vegetation continuous fields with lidar-based estimates of error}},
journal = {International Journal of Digital Earth},
volume = {6},
number = {5},
pages = {427--448},
year = {2013},
doi = {10.1080/17538947.2013.786146}
}

@article{dewitte2012satellite,
  title={{Satellite remote sensing for soil mapping in Africa: An overview}},
  author={Dewitte, Olivier and Jones, Arwyn and Elbelrhiti, Hicham and Horion, Stephanie and Montanarella, Luca},
  journal={Progress in Physical Geography},
  pages={1-25},
  year={2012},
  publisher={SAGE Publications}
}

@BOOK{WalshVagen2006AfSIS,
  author =       {Walsh, M. G. AND V{\aa}gen, T.},
  title =        {{LDSF Guide to Field Sampling and Measurement Procedures}},
  publisher =    {World Agroforestry Centre},
  year =         {2006},
  series =       {The Land Degradation Surveillance Framework},
  address =      {Nairobi, Kenya},
  pages =       {76}
}

@BOOK{Vagen2010AfSIS,
  author =       {V{\aa}gen, T. AND Shepherd, K. D. AND Walsh, M. G. AND Winowiecki, L. AND Desta, L. T. AND Tondoh, J. E.},
  title =        {{AfSIS technical specifications: soil health surveillance}},
  publisher =    {World Agroforestry Centre},
  year =         {2010},
  series =       {Africa Soil Information Service (AfSIS)},
  address =      {Nairobi, Kenya},
  pages =       {76}
}

@article{ahmad2010estimating,
  title={Estimating soil moisture using remote sensing data: A machine learning approach},
  author={Ahmad, Sajjad and Kalra, Ajay and Stephen, Haroon},
  journal={Advances in Water Resources},
  volume={33},
  number={1},
  pages={69--80},
  year={2010},
  publisher={Elsevier}
}

@article{bui2006knowledge,
  title={Knowledge discovery from models of soil properties developed through data mining},
  author={Bui, Elisabeth N and Henderson, Brent L and Viergever, Karin},
  journal={Ecological Modelling},
  volume={191},
  number={3},
  pages={431--446},
  year={2006},
  publisher={Elsevier}
}

@inproceedings{shepherda2010soil,
  title={{Soil spectral diagnostics--infrared, x-ray and laser diffraction spectroscopy for rapid soil characterization in the Africa Soil Information Service}},
  author={Shepherd, Keith D.},
  booktitle={19th World Congress of Soil Science},
  address={Brisbane, Australia},
  year={2010},
  pages={NA}
}

@inproceedings{Kamau2012RUFORUM,
  title={{Mineralogy of Africa's soils as a predictor of soil fertility}},
  author={Kamau, M.N. and Shepherd, K.D.},
  booktitle={RUFORUM Third Biennial Conference, 24--28 September 2012},
  address={Entebbe, Uganda},
  year={2012},
  pages={NA}
}

@article{nocita2014soil,
  title={Soil spectroscopy: an opportunity to be seized},
  author={Nocita, Marco and Stevens, Antoine and Wesemael, Bas and Brown, David J and Shepherd, Keith D and Towett, Erick and Vargas, Ronald and Montanarella, Luca},
  journal={Global change biology},
  year={2014},
  volume={21},
  issue={1},
  pages={10-11},
  publisher={Wiley Online Library},
  doi={10.1111/gcb.12632}
}

@article{vanRanst2010soil,
  title={{Soil mapping in Africa at the crossroads: work to make up for lost ground}},
  author={{Van Ranst}, Eric and Verdoodt, Ann and Baert, Geert},
  journal={Bulletin des S{\'e}ances d'Acad{\'e}mie Royale des Sciences d'Outre-Mer},
  volume={56},
  pages={147--163},
  year={2010}
}

@article{vaagen2013mapping,
  title={Mapping of soil organic carbon stocks for spatially explicit assessments of climate change mitigation potential},
  author={V{\aa}gen, Tor-Gunnar and Winowiecki, Leigh A},
  journal={Environmental Research Letters},
  volume={8},
  number={1},
  pages={015011},
  year={2013},
  publisher={IOP Publishing}
}

@article{Hengl2014SoilGrids1km,
    author = {Hengl, Tomislav AND Mendes {de Jesus}, Jorge AND MacMillan, Robert A. AND Batjes, Niels H. AND Heuvelink, Gerard B.M. AND Ribeiro, Eloi AND Samuel-Rosa, Alessandro AND Kempen, Bas AND Leenaars, Johan G.B. AND Walsh, Markus G. AND Ruiperez Gonzalez, Maria},
    journal = {PLoS ONE},
    publisher = {Public Library of Science},
    title = {{SoilGrids1km --- Global Soil Information Based on Automated Mapping}},
    year = {2014},
    month = {08},
    volume = {9},
    number = {e105992},
    doi = {10.1371/journal.pone.0105992}
}

@article{Antoine2013PLOSOne,
    author = {Stevens, Antoine AND Nocita, Marco AND T\'{o}th, Gergely AND Montanarella, Luca AND van Wesemael, Bas},
    journal = {PLoS ONE},
    publisher = {Public Library of Science},
    title = {{Prediction of Soil Organic Carbon at the European Scale by Visible and Near InfraRed Reflectance Spectroscopy}},
    year = {2013},
    month = {06},
    volume = {8},
    pages = {e66409},
    number = {6},
    doi = {10.1371/journal.pone.0066409}
}

@article{sachs2010monitoring,
  title={Monitoring the world's agriculture},
  author={Sachs, Jeffrey and Remans, Roseline and Smukler, Sean and Winowiecki, Leigh and Andelman, Sandy J and Cassman, Kenneth G and Castle, David and DeFries, Ruth and Denning, Glenn and Fanzo, Jessica and others},
  journal={Nature},
  volume={466},
  number={7306},
  pages={558--560},
  year={2010},
  publisher={Nature Publishing Group}
}

@article{todd2013causes,
  title={{Causes of variation in soil carbon simulations from CMIP5 Earth system models and comparison with observations}},
  author={Todd-Brown, K.~E.~O. and Randerson, J.~T. and Post, W.~M. and Hoffman, F.~M. and Tarnocai, C. and Schuur, E.~A.~G. and Allison, S.~D.},
  journal={Biogeosciences},
  volume={10},
  number={3},
  pages={1717--1736},
  year={2013},
  publisher={Copernicus GmbH}
}

@article{hugelius2014improved,
  title={Improved estimates show large circumpolar stocks of permafrost carbon while quantifying substantial uncertainty ranges and identifying remaining data gaps},
  author={Hugelius, Gustaf and Strauss, Jens and Zubrzycki, Sebastian and Harden, Jennifer W. and Schuur, Edward and Ping, C-L. and Schirrmeister, Lutz and Grosse, Guido and Michaelson, G.J. and Koven, C.D. and others},
  journal={Biogeosciences Discussions},
  volume={11},
  pages={4771--4822},
  year={2014},
  publisher={Copernicus Publications}
}

@article{knaus2009easier,
  title={{Easier parallel computing in R with snowfall and sfCluster}},
  author={Knaus, Jochen and Porzelius, Christine and Binder, Harald and Schwarzer, Guido},
  journal={The R Journal},
  volume={1},
  number={1},
  pages={54--59},
  year={2009}
}

@article{poggio2014national,
  title={{National scale 3D modelling of soil organic carbon stocks with uncertainty propagation --- An example from Scotland}},
  author={Poggio, Laura and Gimona, Alessandro},
  journal={Geoderma},
  volume={232},
  pages={284--299},
  year={2014},
  publisher={Elsevier}
}

@book{rowan1990land,
  title={Land systems of Victoria},
  author={Rowan, James Niall},
  year={1990},
  publisher={Land Protection Division}
}

@book{gibbons1964study,
  title={{A study of the land in south-western Victoria}},
  author={Gibbons, Frank R. and Downes, Ronald Geoffrey and others},
  year={1964},
  publisher={Soil Conservation Authority Melbourne}
}

@article{rowe1981ecological,
  title={Ecological land classification: a survey approach},
  author={Rowe, J. Stan and Sheard, John W.},
  journal={Environmental Management},
  volume={5},
  number={5},
  pages={451--464},
  year={1981},
  publisher={Springer}
}

@article{minasny2006conditioned,
  title={A conditioned Latin hypercube method for sampling in the presence of ancillary information},
  author={Minasny, Budiman and McBratney, Alex B.},
  journal={Computers \& Geosciences},
  volume={32},
  number={9},
  pages={1378--1388},
  year={2006},
  publisher={Elsevier}
}

@article{dyson2003online,
  title={{Online Registries: The DNS and Beyond}},
  author={Dyson, Esther},
  journal={Esther Dyson's Monthly report},
  volume={21},
  number={8},
  url={http://cdn.oreillystatic.com/radar/r1/09-03.pdf},
  pages={2--32},
  year={2003}
}

@article{shepherd2002development,
  title={Development of reflectance spectral libraries for characterization of soil properties},
  author={Shepherd, Keith D. and Walsh, Markus G.},
  journal={Soil Science Society of America Journal},
  volume={66},
  number={3},
  pages={988--998},
  year={2002},
  publisher={Soil Science Society}
}

@article{terhoeven2010prediction,
  title={Prediction of soil fertility properties from a globally distributed soil mid-infrared spectral library},
  author={Terhoeven-Urselmans, Thomas and V{\aa}gen, Tor-Gunnar and Spaargaren, Otto and Shepherd, Keith D},
  journal={Soil Science Society of America Journal},
  volume={74},
  number={5},
  pages={1792--1799},
  year={2010},
  publisher={Soil Science Society}
}

@ARTICLE{Konen2003SSSAJ,
  author = {Konen, M.~E. and Burras, C.~L. and Sandor, J.~A.},
  doi = {10.2136/sssaj2003.1823},
  month = nov,
  pages = {1823--1830},
  title = {Organic Carbon, Texture, and Quantitative Color Measurement Relationships for Cultivated Soils in North Central Iowa},
  journal = {Soil Science Society of America Journal},
  year = {2003}
}

@article{Hengl2014plotKML,
  author	= {Tomislav Hengl and Pierre Roudier and Dylan Beaudette and Edzer Pebesma},
  title		= {plotKML: Scientific Visualization of Spatio-Temporal Data},
  journal	= {Journal of Statistical Software},
  year		= {2015},
  volume	= {63},
  number	= {5},
  pages		= {1--25},
  url		= {http://www.jstatsoft.org/v63/i05/}
}

@article{meinshausen2006quantile,
  title={Quantile regression forests},
  author={Meinshausen, Nicolai},
  journal={The Journal of Machine Learning Research},
  volume={7},
  pages={983--999},
  year={2006},
  publisher={JMLR.org}
}

@article{antonic2003spatial,
  title={{Spatial distribution of main forest soil groups in Croatia as a function of basic pedogenetic factors}},
  author={Antoni{\'c}, Oleg and Pernar, Nikola and Jelaska, Sven D.},
  journal={Ecological modelling},
  volume={170},
  number={2},
  pages={363--371},
  year={2003},
  publisher={Elsevier}
}

@article{batjes1997possibilities,
  title={Possibilities for carbon sequestration in tropical and subtropical soils},
  author={Batjes, N.~H. and Sombroek, W.~G.},
  journal={Global Change Biology},
  volume={3},
  number={2},
  pages={161--173},
  year={1997},
  publisher={Wiley Online Library}
}

@article {GGGE:GGGE2352,
author = {Hartmann, Jens and Moosdorf, Nils},
title = {{The new global lithological map database GLiM: A representation of rock properties at the Earth surface}},
journal = {Geochemistry, Geophysics, Geosystems},
volume = {13},
number = {12},
issn = {1525-2027},
doi = {10.1029/2012GC004370},
pages = {n/a--n/a},
keywords = {data set, global map, lithology},
year = {2012},
}

@incollection{brodlie2012review,
  title={A review of uncertainty in data visualization},
  author={Brodlie, Ken and Osorio, Rodolfo Allendes and Lopes, Adriano},
  booktitle={Expanding the Frontiers of Visual Analytics and Visualization},
  pages={81--109},
  year={2012},
  publisher={Springer}
}

@article{Brown2014JSS,
  author =	"Brown, Patrick E.",
  title =	"Model-Based Geostatistics the Easy Way",
  journal =	"Journal of Statistical Software",
  volume =	"63",
  number =	"12",
  day =  	"13",
  month =	"2",
  year = 	"2015",
  CODEN =	"JSSOBK",
  ISSN = 	"1548-7660",
  bibdate =	"2014-10-22",
  URL =  	"http://www.jstatsoft.org/v63/i12",
  accepted =	"2014-10-22",
  acknowledgement = "",
  keywords =	"",
  submitted =	"2013-06-06",
}

@inproceedings{arino2007globcover,
  title={{GlobCover: ESA service for global land cover from MERIS}},
  author={Arino, Olivier and Gross, Dorit and Ranera, Franck and Bourg, Ludovic and Leroy, Marc and Bicheron, Patrice and Latham, John and Di Gregorio, Antonio and Brockman, C and Witt, Ron and others},
  booktitle={Geoscience and Remote Sensing Symposium, 2007. IGARSS 2007},
  publisher={IEEE International},
  pages={2412--2415},
  year={2007},
  organization={IEEE}
}

@ARTICLE{Scharlemann2014CM,
  author = {Scharlemann, J\"{o}rn P.~W. and Tanner, Edmund V.~J. and Hiederer, Roland and Kapos, Valerie},
  title = {Global soil carbon: understanding and managing the largest terrestrial carbon pool},
  journal = {Carbon Management},
  year = {2014},
  volume = {5},
  pages = {81--91},
  number = {1},
  month = jan,
  booktitle = {Carbon Management},
  doi = {10.4155/cmt.13.77},
  issn = {1758-3004},
  publisher = {Future Science}
}

@incollection{Minasny2014SoilCarbon,
year={2014},
isbn={978-3-319-04083-7},
booktitle={Soil Carbon},
series={Progress in Soil Science},
editor={Hartemink, Alfred E. and McSweeney, Kevin},
doi={10.1007/978-3-319-04084-4_5},
title={{Quantitatively Predicting Soil Carbon Across Landscapes}},
publisher={Springer International Publishing},
author={Minasny, Budiman and McBratney, Alex B. and Malone, Brendan P. and Lacoste, Marine and Walter, Christian},
pages={45-57}
}

@article{agarwal2002zero,
  title={Zero-inflated models with application to spatial count data},
  author={Agarwal, Deepak K. and Gelfand, Alan E. and Citron-Pousty, Steven},
  journal={Environmental and Ecological statistics},
  volume={9},
  number={4},
  pages={341--355},
  year={2002},
  publisher={Springer}
}

@article {ViscarraRossel2014GCB,
author = {Viscarra Rossel, Raphael A. and Webster, Richard and Bui, Elisabeth N. and Baldock, Jeff A.},
title = {{Baseline map of organic carbon in Australian soil to support national carbon accounting and monitoring under climate change}},
journal = {Global Change Biology},
issn = {1365-2486},
doi = {10.1111/gcb.12569},
pages = {n/a--n/a},
year = {2014},
}

@book{ruesch2008new,
  title={{New IPCC Tier-1 global biomass carbon map for the year 2000}},
  author={Ruesch, Aaron and Gibbs, Holly K.},
  year={2008},
  publisher={Carbon Dioxide Information Analysis Center},
  address={Oak Ridge National Laboratory, Tennessee}
}

@article{barrett2013detecting,
  title={{Detecting changes in surface soil moisture content using differential SAR interferometry}},
  author={Barrett, B. and Whelan, P. and Dwyer, E.},
  journal={International Journal of Remote Sensing},
  volume={34},
  number={20},
  pages={7091--7112},
  year={2013},
  publisher={Taylor \& Francis}
}

@incollection{Arrouays201493,
title = {{Chapter Three --- GlobalSoilMap: Toward a Fine-Resolution Global Grid of Soil Properties}},
editor = "Donald L. Sparks",
booktitle = "Soil carbon",
publisher = "Academic Press",
year = "2014",
volume = "125",
pages = "93 - 134",
series = "Advances in Agronomy ",
issn = "0065-2113",
doi = "10.1016/B978-0-12-800137-0.00003-0",
author = "Arrouays, Dominique and Grundy, Michael G. and Hartemink, Alfred E. and Hempel, Jonathan W. and Heuvelink, Gerard B.M. and Young Hong, S. and Lagacherie, Philippe and Lelyk, Glenn and McBratney, Alexander B. and McKenzie, Neil J. and Mendonca-Santos, Maria d.L. and Minasny, Budiman and Montanarella, Luca and Odeh, Inakwu O.A. and Sanchez, Pedro A. and Thompson, James A. and Zhang, Gan-Lin"
}

@article {Mosier2014:JOC3829,
author = {Mosier, Thomas M. and Hill, David F. and Sharp, Kendra V.},
title = {30-Arcsecond monthly climate surfaces with global land coverage},
journal = {International Journal of Climatology},
publisher = {John Wiley \& Sons, Ltd},
issn = {1097-0088},
doi = {10.1002/joc.3829},
pages = {n/a--n/a},
year = {2013},
}

@article{Stockmann201448,
title = "How fast does soil grow?",
journal = "Geoderma ",
volume = "216",
number = "0",
pages = "48 - 61",
year = "2014",
note = "",
issn = "0016-7061",
doi = "10.1016/j.geoderma.2013.10.007",
author = "Uta Stockmann and Budiman Minasny and Alex B. McBratney"
}

@article{Yamamoto2008,
year={2008},
issn={1420-0597},
journal={Computational Geosciences},
volume={12},
number={4},
doi={10.1007/s10596-008-9096-8},
title={Estimation or simulation? That is the question},
publisher={Springer Netherlands},
author={Yamamoto, JorgeKazuo},
pages={573-591},
language={English}
}

@article{Dominati20101858,
title = "A framework for classifying and quantifying the natural capital and ecosystem services of soils",
journal = "Ecological Economics ",
volume = "69",
number = "9",
pages = "1858--1868",
year = "2010",
note = "",
issn = "0921-8009",
doi = "http://dx.doi.org/10.1016/j.ecolecon.2010.05.002",
author = "Estelle Dominati and Murray Patterson and Alec Mackay",
}

@article{--2010NatureGeo,
  title={Investing in soils},
  author={{Nature Geoscience editors}},
  journal={Nature Geosci},
  volume={3},
  number={5},
  pages={295-295},
  year={2010},
  doi={10.1038/ngeo867}
}

@article{scharlemann2008global,
  title={{Global data for ecology and epidemiology: a novel algorithm for temporal Fourier processing MODIS data}},
  author={Scharlemann, J{\"o}rn P.~W. and Benz, David and Hay, Simon I. and Purse, Bethan V. and Tatem, Andrew J. and Wint, G.~R. William and Rogers, David J.},
  journal={PLoS One},
  volume={3},
  number={1},
  pages={e1408},
  year={2008},
  publisher={Public Library of Science}
}

@article{verburg2011challenges,
  title={Challenges in using land use and land cover data for global change studies},
  author={Verburg, Peter H and Neumann, Kathleen and Nol, Linda},
  journal={Global Change Biology},
  volume={17},
  number={2},
  pages={974--989},
  year={2011},
  publisher={Wiley Online Library}
}

@article{uhlir2009toward,
  title={{Toward Implementation of the Global Earth Observation System of Systems Data Sharing Principles}},
  author={Uhlir, Paul F. and Chen, Robert S. and Gabrynowicz, Joanne Irene and Janssen, Katleen},
  journal={J. Space L.},
  volume={35},
  pages={201},
  year={2009},
  publisher={HeinOnline}
}

@ARTICLE{Smith-Soilclimchan:12,
  author       = {Smith, Pete},
  title        = {Soils and climate change},
  journal      = {Current Opinion in Environmental Sustainability},
  volume       = {4},
  number       = {5},
  pages        = {539-544},
  year         = {2012},
}

@book{shore2007art,
  title={The Art of Agile Development},
  author={Shore, J.},
  isbn={9780596553791},
  series={Theory in practice},
  year={2007},
  pages={440},
  publisher={O'Reilly Media}
}

@article{Odeh1995215,
title = "Further results on prediction of soil properties from terrain attributes: heterotopic cokriging and regression-kriging",
journal = "Geoderma ",
volume = "67",
number = "3--4",
pages = "215--226",
year = "1995",
note = "",
issn = "0016-7061",
doi = "10.1016/0016-7061(95)00007-B",
author = "I.O.A. Odeh and A.~B. McBratney and D.J. Chittleborough"
}

@article{hansen2013high,
  title={{High-resolution global maps of 21st-century forest cover change}},
  author={Hansen, M.~C. and Potapov, P.~V. and Moore, R. and Hancher, M. and Turubanova, S.~A. and Tyukavina, A. and Thau, D. and Stehman, S.~V. and Goetz, S.~J. and Loveland, T.~R. and others},
  journal={Science},
  volume={342},
  number={6160},
  pages={850--853},
  year={2013},
  publisher={American Association for the Advancement of Science}
}

@ARTICLE{Grunwald2011,
  author = {Grunwald, S. and Thompson, J.~A. and Boettinger, J.~L.},
  doi = {10.2136/sssaj2011.0025},
  month = jul,
  pages = {1201--1213},
  title = {{Digital Soil Mapping and Modeling at Continental Scales: Finding Solutions for Global Issues}},
  year = {2011},
  journal = {Soil Science Society of America Journal},
  volume = {75},
}

@article{Montanarella2012559,
title = "Global governance of soil resources as a necessary condition for sustainable development",
journal = "Current Opinion in Environmental Sustainability ",
volume = "4",
number = "5",
pages = "559--564",
year = "2012",
issn = "1877-3435",
doi = "10.1016/j.cosust.2012.06.007",
author = "Luca Montanarella and Ronald Vargas"
}

@article{Dewitte2013138,
title = "Harmonisation of the soil map of Africa at the continental scale",
journal = "Geoderma",
author = "Olivier Dewitte and Arwyn Jones and Otto Spaargaren and Henrik Breuning-Madsen and Michel Brossard and Almami Dampha and Jozef Deckers and Tahar Gallali and Stephen Hallett and Robert Jones and Method Kilasara and Pieter Le Roux and Erika Mich\'{e}li and Luca Montanarella and Lamourdia Thiombiano and Eric Van Ranst and Martin Yemefack and Robert Zougmore",
volume = "211--212",
number = "0",
pages = "138--153",
year = "2013",
note = "",
issn = "0016-7061",
doi = "10.1016/j.geoderma.2013.07.007"
}

@book{mokma1982podzols,
  title={Podzols and podzolization in temperate regions},
  author={Mokma, D.~L. and Buurman, P.},
  lccn={84235912},
  series={ISM monograph},
  year={1982},
  publisher={International Soil Museum},
  address={Wageningen},
  pages={126},
}

@article{Adhikari2014101,
title = "Constructing a soil class map of Denmark based on the \{FAO\} legend using digital techniques",
journal = "Geoderma ",
volume = "214?215",
number = "0",
pages = "101 - 113",
year = "2014",
note = "",
issn = "0016-7061",
doi = "10.1016/j.geoderma.2013.09.023",
author = "Adhikari, Kabindra and Minasny, Budiman and Greve, Mette B. and Greve, Mogens H."
}

@article{fritz2012geo,
  title={{Geo-Wiki: An online platform for improving global land cover}},
  author={Fritz, Steffen and McCallum, Ian and Schill, Christian and Perger, Christoph and See, Linda and Schepaschenko, Dmitry and van der Velde, Marijn and Kraxner, Florian and Obersteiner, Michael},
  journal={Environmental Modelling \& Software},
  volume={31},
  pages={110--123},
  year={2012},
  publisher={Elsevier}
}

@article{gonzalez2010development,
  title={{Development of the TanDEM-X calibration concept: analysis of systematic errors}},
  author={Gonz{\'a}lez, Jaime Hueso and Bachmann, Markus and Krieger, Gerhard and Fiedler, Hauke},
  journal={Geoscience and Remote Sensing, IEEE Transactions on},
  volume={48},
  number={2},
  pages={716--726},
  year={2010},
  publisher={IEEE}
}

@BOOK{GSDTG2000,
  author =       {{Global Soil Data Task Group}},
  title =        {Global Gridded Surfaces of Selected Soil Characteristics (IGBP-DIS)},
  publisher =    {Oak Ridge National Laboratory Distributed Active Archive Center},
  year =         {2000},
  address =      {Oak Ridge, Tennessee, U.S.A.},
  doi =         {10.3334/ORNLDAAC/569},
  url =     {http://www.daac.ornl.gov},
}


@article{VandenBygaartAngers2006,
author = {VandenBygaart, A.~J. and Angers, D.~A.},
title = {Towards accurate measurements of soil organic carbon stock change in agroecosystems},
journal = {Canadian Journal of Soil Science},
volume = {86},
number = {3},
pages = {465-471},
year = {2006},
doi = {10.4141/S05-106},
}

@article{jobbagy2000vertical,
  title={The vertical distribution of soil organic carbon and its relation to climate and vegetation},
  author={Jobb{\'a}gy, Esteban G. and Jackson, Robert B.},
  journal={Ecological applications},
  volume={10},
  number={2},
  doi = {10.1890/1051-0761(2000)010[0423:TVDOSO]2.0.CO;2},
  pages={423--436},
  year={2000},
  publisher={Eco Soc America}
}

@ARTICLE{FAO2013News,
  author =       {{UN Food and Agriculture Organisation}},
  title =        {Greater focus on soil health needed to feed a hungry planet},
  journal =      {News archive},
  year =         {2013},
  month =        {December},
  publisher  = {{UN Food and Agriculture Organisation}}
}


@INBOOK{Miller1979,
  author =       {Miller, F.~P. and McCormack, D.~E. and Talbot, J.~R.},
  title =        {The Mechanics of Track Support, Piles and Geotechnical Data},
  chapter =      {{Soil Surveys: Review of Data Collection Methodologies, Confidence Limits and Uses}},
  pages =        {57--65},
  publisher =    {Board. Natl. Acad. Sci.},
  year =         {1979},
  number =       {Trans. Res. Record 733},
  series =       {Symposium},
  address =      {Washington D.C.}
}

@article{jost2005analysing,
  title={Analysing the space--time distribution of soil water storage of a forest ecosystem using spatio-temporal kriging},
  author={Jost, G. and Heuvelink, G.~B.~M. and Papritz, A.},
  journal={Geoderma},
  volume={128},
  number={3},
  pages={258--273},
  year={2005},
  publisher={Elsevier}
}

@article{snepvangers2003soil,
  title={Soil water content interpolation using spatio-temporal kriging with external drift},
  author={Snepvangers, J.~J.~J.~C. and Heuvelink, G.~B.~M. and Huisman, J.~A.},
  journal={Geoderma},
  volume={112},
  number={3},
  pages={253--271},
  year={2003},
  publisher={Elsevier}
}

@article{goovaerts2001geostatistical,
  title={Geostatistical modelling of uncertainty in soil science},
  author={Goovaerts, Pierre},
  journal={Geoderma},
  volume={103},
  number={1},
  pages={3--26},
  year={2001},
  publisher={Elsevier}
}

@BOOK{FAO2012HWSD,
  author =       {{FAO/IIASA/ISRIC/ISS-CAS/JRC}},
  title =        {Harmonized World Soil Database (version 1.2)},
  publisher =    {FAO},
  year =         {2012},
  address =      {Rome}
}

@BOOK{Stolbovoi2002,
  author =       {Stolbovoi, V. and McCallum, I.},
  title =        {Land Resources of Russia (CD-ROM)},
  publisher =    {IIASA and RAS},
  year =         {2002},
  address =      {Vienna}
}

@BOOK{Karssies2011CSIRO,
  author =       {Karssies, Linda},
  title =        {CSIRO National Soil Archive and the National Soil Database (NatSoil)},
  publisher =    {CSIRO},
  year =         {2011},
  number =       {v1},
  series =       {Data Collection},
  address =      {Canberra}
}

@article{cooper2005national,
  title={A national soil profile database for Brazil available to international scientists},
  author={Cooper, Miguel and Mendes, L{\'u}cia Maria Silveira and Silva, Wellinton Luiz Costa and Sparovek, Gerd},
  journal={Soil Science Society of America Journal},
  volume={69},
  number={3},
  pages={649--652},
  year={2005},
  publisher={Soil Science Society}
}

@BOOK{INEGI2000,
  author =       {{Instituto Nacional de Estad\'{\i}stica y Geograf\'{\i}a (INEGI)}},
  title =        {Conjunto de Datos de Perfiles de Suelos, Escala 1: 250 000 Serie II},
  publisher =    {INEGI},
  year =         {2000},
  series =       {(Continuo Nacional)},
  address =      {Aguascalientes, Ags. M\'{e}xico}
}

@BOOK{Toth2013LUCAS,
  editor =       {T\'{o}th, G. and Jones, A. and Montanarella, L.},
  title =        {LUCAS Topsoil Survey. Methodology, data and results},
  publisher =    {Publications Office of the European Union},
  year =         {2013},
  series =       {JRC Technical Reports EUR 26102},
  address =      {Luxembourg},
  isbn =         {978-92-79-32542-7}
}

@book{macdonald1992cansis,
  title={CanSIS/NSDB. A general description},
  author={MacDonald, K.~B. and Valentine, K.~W.~G.},
  publisher={Centre for Land and Biological Resources Research, Research Branch, Agriculture Canada},
  address={Ottawa},
  year={1992}
}

@book{hollis2006spade,
  title={{SPADE-2: The soil profile analytical database for Europe, version 1.0}},
  author={Hollis, J.~M. and Jones, R.~J.~A. and Marshall, C.~J. and Holden, A. and {Van de Veen}, J.~R. and Montanarella, L.},
  publisher={Office for official publications of the European Communities},
  address={Luxembourg},
  note={EUR22127EN},
  year={2006}
}

@article {JPLN:JPLN200900269,
author = {Desaules, Andr\'{e} and Ammann, Stefan and Schwab, Peter},
title = {Advances in long-term soil-pollution monitoring of Switzerland},
journal = {Journal of Plant Nutrition and Soil Science},
volume = {173},
number = {4},
publisher = {WILEY-VCH Verlag},
issn = {1522-2624},
doi = {10.1002/jpln.200900269},
pages = {525--535},
year = {2010},
}

@article{hearst1998support,
  title={Support vector machines},
  author={Hearst, Marti A. and Dumais, S.T. and Osman, E. and Platt, John and Scholkopf, Bernhard},
  journal={Intelligent Systems and their Applications, IEEE},
  volume={13},
  number={4},
  pages={18--28},
  year={1998},
  publisher={IEEE}
}

@book{yegnanarayana2004artificial,
  title={Artificial neural networks},
  author={Yegnanarayana, B.},
  year={2004},
  publisher={PHI Learning Pvt. Ltd.}
}

@book{breiman1993classification,
  title={Classification and regression trees},
  author={Breiman, Leo},
  year={1993},
  publisher={CRC press}
}

@article{Zadeh196894,
title = "Fuzzy algorithms ",
journal = "Information and Control",
volume = "12",
number = "2",
pages = "94-102",
year = "1968",
note = "",
issn = "0019-9958",
doi = "http://dx.doi.org/10.1016/S0019-9958(68)90211-8",
author = "L.A. Zadeh"
}

@article{breiman2001random,
  title={Random forests},
  author={Breiman, Leo},
  journal={Machine learning},
  volume={45},
  number={1},
  pages={5--32},
  year={2001},
  publisher={Springer}
}

@article{Rodriguez-Lado23082013,
author = {Rodr\'{\i}guez-Lado, Luis and Sun, Guifan and Berg, Michael and Zhang, Qiang and Xue, Hanbin and Zheng, Quanmei and Johnson, C. Annette},
title = {{Groundwater Arsenic Contamination Throughout China}},
volume = {341},
number = {6148},
pages = {866-868},
year = {2013},
doi = {10.1126/science.1237484},
URL = {http://www.sciencemag.org/content/341/6148/866.abstract},
journal = {Science}
}

@article {INT:INT20337,
author = {Liu, Jian and Zhu, A-Xing},
title = {Mapping with words: A new approach to automated digital soil survey},
journal = {International Journal of Intelligent Systems},
volume = {24},
number = {3},
publisher = {Wiley Subscription Services, Inc., A Wiley Company},
issn = {1098-111X},
url = {http://dx.doi.org/10.1002/int.20337},
doi = {10.1002/int.20337},
pages = {293--311},
year = {2009},
}

@article{lark2003fitting,
  title={Fitting a linear model of coregionalization for soil properties using simulated annealing},
  author={Lark, R.~M. and Papritz, A.},
  journal={Geoderma},
  volume={115},
  number={3},
  pages={245--260},
  year={2003},
  publisher={Elsevier}
}

@INBOOK{Jenny1968,
  author =       {Jenny, H. and Salem, A.~E. and Wallis, J.~R.},
  editor =       {Salviucci, P.},
  title =        {Organic Matter and Soil Fertility},
  chapter =      {Interplay of soil organic matter and soil fertility with state factors and soil properties},
  pages =        {5-36},
  publisher =    {North Holland Publishing Co., Amsterdam, \& Wiley Interscience Division, John Wiley \& Sons, Inc.},
  year =         {1968},
  volume =       {32},
  series =       {Pontif. Acad. Sci. Scripta varia},
  address =      {New York}
}

@article{Jenny1958,
     title = {Role of the Plant Factor in the Pedogenic Functions},
     author = {Jenny, Hans},
     journal = {Ecology},
     volume = {39},
     number = {1},
     pages = {5-16},
     url = {http://www.jstor.org/stable/1929960},
     ISSN = {00129658},
     year = {1958},
     publisher = {Ecological Society of America}
}

@book{Zhao1989,
  title={Study Methods of Soil Geography},
  author={Qi-guo, Zhao and Zi-tong, Gong},
  address={Beijing},
  year={1989},
  publisher={Science Press}
}

@book{englisch1998anleitung,
  title={Anleitung zur Forstlichen Standortskartierung in {\"O}sterreich},
  author={Englisch, M. and Kilian, W.},
  series={FBVA-Berichte},
  url={http://books.google.nl/books?id=hipIAAAAYAAJ},
  year={1998},
  publisher={Forstliche Bundesversuchsanstalt Wien}
}

@book{milne1995soil,
  title={Soil Description Handbook},
  author={Milne, J.D.G.},
  isbn={9780478045499},
  lccn={97136784},
  year={1995},
  publisher={Manaaki Whenua Press}
}

@book{national2009australian,
  title={Australian Soil and Land Survey Field Handbook},
  author={{National Committee on Soil and Terrain}},
  isbn={9780643093959},
  lccn={2012397488},
  series={Australian soil and land survey handbook},
  url={http://books.google.nl/books?id=zywc39z4LgAC},
  year={2009},
  publisher={CSIRO Publishing}
}

@book{Santos2005,
  title={Manual of soil description and sampling in the field},
  author={Santos, R. D. and Lemos, R. C. and Santos, H. G. and Ker, J. C. and Anjos, L. H.},
  address={Vi\c{c}osa},
  publisher={Sociedade Brasileira de Ci\^{e}ncia do Solo},
  year={2005},
  pages={92}
}

@book{canada1987soil,
  title={Soil Survey Handbook},
  publisher={Canada Department of Agriculture},
  editor={Coen, G.M.},
  number={v. 1},
  series={Canada Department of Agriculture Research Branch Technical Bulletin},
  url={http://books.google.nl/books?id=AYTvpwAACAAJ},
  year={1987}
}

@book{association2009,
  title={R{\'e}f{\'e}rentiel p{\'e}dologique 2008},
  author={{Association fran{\c{c}}aise pour l'{\'e}tude du sol}},
  isbn={9782759201853},
  series={Savoir-faire},
  url={http://books.google.nl/books?id=TWHmK5pYlCQC},
  year={2009},
  publisher={{\'E}d. Quae}
}

@book{sponagel2005bodenkundliche,
  title={Bodenkundliche Kartieranleitung},
  author={Sponagel, H.},
  isbn={9783510959204},
  url={http://books.google.nl/books?id=eNQFRAAACAAJ},
  year={2005},
  publisher={Schweizerbart Sche Vlgsb.}
}

@book{IPCC2003good,
  title={Good Practice Guidance for Land Use, Land-use Change and Forestry},
  url={http://books.google.nl/books?id=ESE3MwEACAAJ},
  year={2003},
  address={Hayama, Japan},
  editor={Penman, J. and Gytarsky, M. and Hiraishi, T. and Krug, T. and Kruger, D. and Pipatti, R. and Buendia, L. and Miwa, K. and Ngara, T. and Tanabe, K. and Wagner, F.},
  publisher={Intergovernmental Panel on Climate Change}
}

@ARTICLE{Haklay2010,
  author = {Haklay, M},
  title = {{How good is volunteered geographical information? A comparative study of OpenStreetMap and Ordnance Survey datasets}},
  journal = {Environment and Planning B: Planning and Design},
  year = {2010},
  volume = {37},
  pages = {682--703},
  number = {4},
  publisher = {Pion Ltd},
  url = {http://www.envplan.com/abstract.cgi?id=b35097}
}


@article{Bosworth:2005,
 author = {Bosworth, Adam},
 title = {Learning from the Web},
 journal = {Queue},
 issue_date = {October 2005},
 volume = {3},
 number = {8},
 month = oct,
 year = {2005},
 issn = {1542-7730},
 pages = {26--32},
 numpages = {7},
 url = {http://doi.acm.org/10.1145/1103822.1103833},
 doi = {10.1145/1103822.1103833},
 acmid = {1103833},
 publisher = {ACM},
 address = {New York, NY, USA},
}


@BOOK{GSIFBook2013,
  editor =       {Tomislav Hengl and Robert A. MacMillan},
  title =        {Global Soil Information Facilities: a methodological framework for open soil data},
  publisher =    {ISRIC --- World Soil Information},
  year =         {2013?},
  address =      {Wageningen},
  pages =       {370}
}

@article{Rabus2003PERS,
title = "The shuttle radar topography mission---a new class of digital elevation models acquired by spaceborne radar",
journal = "ISPRS Journal of Photogrammetry and Remote Sensing",
volume = "57",
number = "4",
pages = "241 - 262",
year = "2003",
note = "",
issn = "0924-2716",
doi = "10.1016/S0924-2716(02)00124-7",
author = "Bernhard Rabus and Michael Eineder and Achim Roth and Richard Bamler",
}

@ARTICLE{EastmanFulk1993,
  author =       {Eastman, J.R. and Fulk, M.},
  title =        {Long sequence time series evaluation using standardized principal components},
  journal =      {Photogrammetric Engineering and Remote Sensing},
  year =         {1993},
  volume =       {59},
  number =       {6},
  pages =        {991--996}
}

@article{Maguire20053,
title = "The emergence of geoportals and their role in spatial data infrastructures ",
journal = "Computers, Environment and Urban Systems ",
volume = "29",
number = "1",
pages = "3 - 14",
year = "2005",
issn = "0198-9715",
doi = "10.1016/j.compenvurbsys.2004.05.012",
author = "David J. Maguire and Paul A. Longley"
}

@article{Panagos2013439,
title = {{Estimating soil organic carbon in Europe based on data collected through an European network}},
journal = "Ecological Indicators ",
volume = "24",
number = "0",
pages = "439 - 450",
year = "2013",
note = "",
issn = "1470-160X",
doi = "10.1016/j.ecolind.2012.07.020",
author = "Panos Panagos and Roland Hiederer and Marc Van Liedekerke and Francesca Bampa",
}

@BOOK{FRA2000,
  author =       {Tomppo, E. and Czaplewski, R.L. and M\"{a}kisara, K.},
  title =        {FRA 2000: The role of remote sensing in Global Forest Assessment},
  publisher =    {FAO},
  year =         {2002},
  series =       {Forest Resources Assessment Programme Working paper 61},
  address =      {Rome},
  pages =       {72}
}


@article{Batjes2013WDS-009,
  title={Development of Global Soil Information Facilities},
  author={Batjes, N.~H. and Reuter, H.~I. and Tempel, P. and Hengl, T. and Leenaars, J.~G.~B. and Bindraban, P.~S.},
  journal={Data Science Journal},
  volume={12},
  number={NA},
  pages={WDS70-WDS74},
  year={2013}
}

@BOOK{McKenzie2013GSP4,
  title = {{Plan of Action for Pillar Four of the Global Soil Partnership: Adopted by the GSP Plenary Assembly}},
  publisher = {FAO Global Soil Partnership},
  year = {2014},
  author = {McKenzie, Neil and Baritz, Rainer and Castro, Aracely and Hempel, Jon and Yemefack, Martin and Moussadek, Rachid and Zhang, Ganlin and Vargas, Ronald},
  pages = {26},
  address = {Rome}
}

@ARTICLE{Savtchenko2004ASR,
  author = {Savtchenko, A. and Ouzounov, D. and Ahmad, S. and Acker, J. and Leptoukh, G. and Koziana, J. and Nickless, D.},
  title = {{Terra and Aqua MODIS products available from NASA GES DAAC}},
  journal = {Advances in Space Research},
  year = {2004},
  volume = {34},
  pages = {710-714},
  number = {4},
  doi = {10.1016/j.asr.2004.03.012}
}

@book{harrell2001regression,
  title={{Regression Modeling Strategies: With Applications to Linear Models, Logistic Regression, and Survival Analysis}},
  author={Harrell, F.E.},
  isbn={9780387952321},
  lccn={2001020045},
  series={Graduate Texts in Mathematics},
  year={2001},
  publisher={Springer}
}

@article{Carroll2009,
author = {Carroll, M.L. and Townshend, J.R. and DiMiceli, C.M. and Noojipady, P. and Sohlberg, R.~A.},
title = {{A new global raster water mask at 250~m resolution}},
journal = {International Journal of Digital Earth},
volume = {2},
number = {4},
pages = {291-308},
year = {2009},
doi = {10.1080/17538940902951401}
}

@article{fernandez1988color,
  title={Color, organic matter, and pesticide adsorption relationships in a soil landscape},
  author={Fernandez, R.N. and Schulze, D.G. and Coffin, D.L. and {Van Scoyoc}, G.E.},
  journal={Soil Science Society of America Journal},
  volume={52},
  number={4},
  pages={1023--1026},
  year={1988},
  publisher={Soil Science Society of America}
}

@article{GehlRice2005,
year={2007},
issn={0165-0009},
journal={Climatic Change},
volume={80},
number={1-2},
doi={10.1007/s10584-006-9150-2},
title={Emerging technologies for in situ measurement of soil carbon},
publisher={Kluwer Academic Publishers},
author={Gehl, RonaldJ. and Rice, CharlesW.},
pages={43-54}
}

@book{agriculture2010keys,
  title={Keys to Soil Taxonomy},
  author={{U.S. Department of Agriculture}},
  isbn={9780160854279},
  year={2014},
  edition={12th},
  publisher={U.S. Government Printing Office}
}

@book{eswaran2010soil,
  title={Soil Classification: A Global Desk Reference},
  author={Eswaran, H. and Ahrens, R. and Rice, T.J. and Stewart, B.A.},
  isbn={9781420040364},
  lccn={2002035039},
  year={2010},
  publisher={Taylor \& Francis}
}


@book{buol2011soil,
  title={Soil Genesis and Classification},
  author={Buol, S.W. and Southard, R.J. and Graham, R.C. and McDaniel, P.~A.},
  isbn={9780470960608},
  lccn={2011012321},
  year={2011},
  publisher={Wiley}
}


@incollection{Morel2005202,
title = "Urban soils",
editor = "Daniel Hillel",
booktitle = "Encyclopedia of Soils in the Environment",
publisher = "Elsevier",
edition = "",
address = "Oxford",
year = "2005",
pages = "202 - 208",
isbn = "978-0-12-348530-4",
doi = "10.1016/B0-12-348530-4/00305-2",
author = "J.~L. Morel and C. Schwartz and L. Florentin and C. de Kimpe"
}

@article{Markus2001399,
title = "A review of the contamination of soil with lead: II. Spatial distribution and risk assessment of soil lead",
journal = "Environment International",
volume = "27",
number = "5",
pages = "399 - 411",
year = "2001",
note = "",
issn = "0160-4120",
doi = "10.1016/S0160-4120(01)00049-6",
author = "Julie Markus and Alex B. McBratney",
}


@book{food1977framework,
  title={A framework for land evaluation},
  author={Food and Agriculture Organization of the United Nations. Soil Resources, Development and Conservation Service},
  lccn={78320654},
  series={Publication (International Institute for Land Reclamation and Improvement)},
  year={1977},
  publisher={International Institute for Land Reclamation and Improvement}
}


@book{harpstead2001soil,
  title={Soil Science Simplified},
  author={Harpstead, M.I. and Sauer, T.J. and Bennett, W.F.},
  isbn={9780813829425},
  lccn={2001003279},
  year={2001},
  publisher={Wiley}
}

@article{Minasny2008140,
title = "Quantitative models for pedogenesis --- A review",
journal = "Geoderma",
volume = "144",
number = "1?2",
pages = "140 - 157",
year = "2008",
issn = "0016-7061",
doi = "10.1016/j.geoderma.2007.12.013",
author = "Minasny, Budiman and McBratney, Alex B. and Salvador-Blanes, S.",
}

@article{Sommer2008480,
title = "Modelling soil landscape genesis --- A ``time split'' approach for hummocky agricultural landscapes",
journal = "Geoderma",
volume = "145",
number = "3?4",
pages = "480 - 493",
year = "2008",
issn = "0016-7061",
doi = "10.1016/j.geoderma.2008.01.012",
author = "Sommer, M. and Gerke, H.H. and Deumlich, D.",
}

@article{Finke2008462,
title = "Modelling soil genesis in calcareous loess",
journal = "Geoderma",
volume = "145",
number = "3?4",
pages = "462 - 479",
year = "2008",
issn = "0016-7061",
doi = "10.1016/j.geoderma.2008.01.017",
author = "Finke, Peter A. and Hutson, John L."
}

@article{Richter1995,
     title = {How Deep Is Soil?},
     author = {Richter, Daniel D. and Markewitz, Daniel},
     journal = {BioScience},
     volume = {45},
     number = {9},
     pages = {600-609},
     url = {http://www.jstor.org/stable/1312764},
     ISSN = {00063568},
     language = {English},
     year = {1995},
     publisher = {University of California Press on behalf of the American Institute of Biological Sciences},
}

@article{LathropJr19951,
title = "Spatial variability of digital soil maps and its impact on regional ecosystem modeling ",
journal = "Ecological Modelling ",
volume = "82",
number = "1",
pages = "1 - 10",
year = "1995",
note = "",
issn = "0304-3800",
doi = "10.1016/0304-3800(94)00068-S",
author = "Lathrop Jr., Richard G. and Aber, John D. and Bognar, John A."
}

@article{ZHONG2011491,
title = "Scale Effects of Geographical Soil Datasets on Soil Carbon Estimation in Louisiana, USA: A Comparison of STATSGO and SSURGO",
journal = "Pedosphere ",
volume = "21",
number = "4",
pages = "491 - 501",
year = "2011",
note = "",
issn = "1002-0160",
doi = "10.1016/S1002-0160(11)60151-3",
author = "Zhong, B. and Xu, Y.J."
}


@incollection{Hartemink2008SMD,
year={2008},
isbn={978-1-4020-8591-8},
booktitle={Digital Soil Mapping with Limited Data},
editor={Hartemink, Alfred and McBratney, Alex and Mendon\c{c}a-Santos, Mariade Lourdes},
doi={10.1007/978-1-4020-8592-5_1},
title={Soil Map Density and a Nation's Wealth and Income},
publisher={Springer Netherlands},
author={Hartemink, Alfred},
pages={53-66}
}

@BOOK{Hartemink2008Springer,
  title = {Digital Soil Mapping with Limited Data},
  publisher = {Springer},
  year = {2008},
  editor = {Hartemink, Alfred E. and McBratney, Alex and Mendon\c{c}a-Santos,
	Maria de Lourdes},
  volume = {1},
  pages = {445},
  series = {Progress in Soil Science}
}

@article{Hartemink2013256,
title = "Soil maps of the world",
journal = "Geoderma ",
volume = "207/208",
number = "0",
pages = "256--267",
year = "2013",
note = "",
issn = "0016-7061",
doi = "10.1016/j.geoderma.2013.05.003",
author = "Alfred E. Hartemink and Pavel Krasilnikov and J.G. Bockheim"
}

@incollection{Lagacherie2008,
year={2008},
isbn={978-1-4020-8591-8},
booktitle={Digital Soil Mapping with Limited Data},
editor={Hartemink, Alfred and McBratney, Alex and Mendon\c{c}a-Santos, Mariade Lourdes},
doi={10.1007/978-1-4020-8592-5_1},
title={Digital Soil Mapping: A State of the Art},
publisher={Springer Netherlands},
author={Lagacherie, P.},
pages={3-14}
}


@book{Dobos2006digital,
  title={Digital soil mapping: as a support to production of functional maps},
  author={Dobos, E. and Carr{\'e}, F. and Hengl, T. and Reuter, H.~I. and T\'{o}th, G.},
  year={2006},
  publisher={Office for Official Publications of the European Communities},
  address={Luxemburg},
  pages={68}
}

@INBOOK{Hastie1992,
  author =       {Hastie, T. J.},
  editor =       {Chambers, J. M. and Hastie, T. J.},
  title =        {Statistical Models in \textsf{S}},
  chapter =      {Generalized additive models},
  pages =        {249-307},
  publisher =    {Wadsworth \& Brooks/Cole},
  year =         {1992}
}

@BOOK{Hijmans2013dismo,
  author =       {Hijmans, Robert J. and Elith, Jane},
  title =        {Species distribution modeling with R},
  publisher =    {CRAN},
  year =         {2013},
  series =       {{R package vignette}},
  pages =        {77},
}

@article {Elith2011DD,
author = {Elith, Jane and Phillips, Steven J. and Hastie, Trevor and Dud?k, Miroslav and Chee, Yung En and Yates, Colin J.},
title = {A statistical explanation of MaxEnt for ecologists},
journal = {Diversity and Distributions},
volume = {17},
number = {1},
publisher = {Blackwell Publishing Ltd},
issn = {1472-4642},
doi = {10.1111/j.1472-4642.2010.00725.x},
pages = {43--57},
year = {2011},
}

@book{kabacoff2013r,
  title={R in Action: Data Analysis and Graphics With R},
  author={Kabacoff, R.},
  isbn={9781617291388},
  year={2013},
  publisher={MANNING Publications}
}

@book{reimann2011statistical,
  title={{Statistical Data Analysis Explained: Applied Environmental Statistics with R}},
  author={Reimann, C. and Filzmoser, P. and Garrett, R. and Dutter, R.},
  isbn={9781119965282},
  year={2011},
  publisher={Wiley}
}

@book{pinheiro2009mixed,
  title={{Mixed-Effects Models in S and S-PLUS}},
  author={Pinheiro, J.C. and Bates, D.},
  isbn={9781441903174},
  lccn={99053566},
  series={Statistics and Computing},
  year={2009},
  publisher={Springer}
}

@ARTICLE{Stasch2013EMS,
  author =       {Stasch, Christoph and Scheider, Simon and Pebesma, Edzer and Kuhn, Werner},
  title =        {Meaningful Spatial Prediction and Aggregation},
  journal =      {Environmental Modelling \& Software},
  year =         {2013?},
  volume =       {},
  number =       {},
  pages =        {}
}


@article{Hengl2007Geoderma,
title = "Methods to interpolate soil categorical variables from profile observations: Lessons from Iran",
journal = "Geoderma ",
volume = "140",
number = "4",
pages = "417 - 427",
year = "2007",
issn = "0016-7061",
doi = "10.1016/j.geoderma.2007.04.022",
author = "Tomislav Hengl and Norair Toomanian and Hannes I. Reuter and Mohammad J. Malakouti"
}


@article {Haining2010GEAN780,
author = {Haining, Robert P. and Kerry, Ruth and Oliver, Margaret A.},
title = {Geography, Spatial Data Analysis, and Geostatistics: An Overview},
journal = {Geographical Analysis},
volume = {42},
number = {1},
publisher = {Blackwell Publishing Inc},
issn = {1538-4632},
url = {http://dx.doi.org/10.1111/j.1538-4632.2009.00780.x},
doi = {10.1111/j.1538-4632.2009.00780.x},
pages = {7--31},
year = {2010},
}


@article {Kyriakidis2004GEAN1135,
author = {Kyriakidis, Phaedon C.},
title = {A Geostatistical Framework for Area-to-Point Spatial Interpolation},
journal = {Geographical Analysis},
volume = {36},
number = {3},
publisher = {Blackwell Publishing Ltd},
issn = {1538-4632},
doi = {10.1111/j.1538-4632.2004.tb01135.x},
pages = {259--289},
year = {2004},
}


@ARTICLE{McKenzie1999Geoderma,
  author       = {McKenzie, N.~J. and Ryan, P.~J.},
  title        = {{Spatial prediction of soil properties using environmental correlation}},
  journal      = {Geoderma},
  volume       = {89},
  number       = {1-2},
  pages        = {67-94},
  year         = {1999} ,
}


@book{jenny1994factors,
  title={Factors of soil formation: a system of quantitative pedology},
  author={Jenny, H.},
  isbn={9780486681283},
  lccn={lc94017606},
  series={Dover books on Earth sciences},
  year={1994},
  publisher={Dover Publications}
}


@book{hastie2009elements,
  title={{The Elements of Statistical Learning: Data Mining, Inference, and Prediction}},
  author={Hastie, T.J. and Tibshirani, R.J. and Friedman, J.J.H.},
  isbn={9780387848587},
  lccn={2008941148},
  series={Springer series in statistics},
  year={2009},
  publisher={Springer-Verlag New York}
}

@article{Behrens2010175,
title = "Multi-scale digital terrain analysis and feature selection for digital soil mapping ",
journal = "Geoderma ",
volume = "155",
number = "3?4",
pages = "175 - 185",
year = "2010",
note = "",
issn = "0016-7061",
doi = "http://dx.doi.org/10.1016/j.geoderma.2009.07.010",
author = "Thorsten Behrens and A-Xing Zhu and Karsten Schmidt and Thomas Scholten"
}


@book{pansu2001soil,
  title={Soil Analysis: Sampling, Instrumentation and Quality Control},
  author={Pansu, M. and Gautheyrou, J. and Loyer, J.Y.},
  isbn={9789054107163},
  year={2001},
  publisher={A.A. Balkema Publishers}
}

@book{tan2005soil,
  title={Soil Sampling, Preparation, And Analysis},
  author={Tan, K.H.},
  isbn={9780849334993},
  lccn={2005041311},
  series={Books in Soils, Plants, and the Environment},
  year={2005},
  publisher={Taylor \& Francis/CRC Press}
}

@ARTICLE{Conant2010,
  author = {Conant, Richard T and Ogle, Stephen M and Paul, Eldor A and Paustian, Keith},
  title = {Measuring and monitoring soil organic carbon stocks in agricultural lands for climate mitigation},
  journal = {Frontiers in Ecology and the Environment},
  year = {2010},
  volume = {9},
  pages = {169--173},
  number = {3},
  month = jun,
  booktitle = {Frontiers in Ecology and the Environment},
  issn = {1540-9295},
  publisher = {Ecological Society of America},
  url = {http://dx.doi.org/10.1890/090153}
}


@INCOLLECTION{Grunwald2005CRCPress,
  author = {Grunwald, S.},
  title = {{What do we really know about the space-time continuum of soil-landscapes}},
  booktitle = {Environmental Soil-Landscape Modeling: Geographic Information Technologies and Pedometrics},
  publisher = {CRC Press},
  year = {2005},
  editor = {Grunwald, S.},
  pages = {3-36},
  address = {Boca Raton, Florida}
}

@article{wosten2013soil,
  title={Soil hydraulic information for river basin studies in semi-arid regions},
  author={W{\"o}sten, J.H.M. and Verzandvoort, S.J.E. and Leenaars, J.G.B. and Hoogland, T. and Wesseling, J.G.},
  journal={Geoderma},
  doi={10.1016/j.geoderma.2012.11.021},
  volume={195},
  pages={79--86},
  year={2013},
  publisher={Elsevier}
}

@article{hengl2007regression,
  title={About regression-kriging: from equations to case studies},
  author={Hengl, Tomislav and Heuvelink, Gerard and Rossiter, David G},
  journal={Computers \& Geosciences},
  volume={33},
  number={10},
  pages={1301--1315},
  year={2007},
  publisher={Elsevier}
}

@article{van1980closed,
  title={A closed-form equation for predicting the hydraulic conductivity of unsaturated soils},
  author={{Van Genuchten}, M. Th.},
  journal={Soil Science Society of America Journal},
  volume={44},
  number={5},
  pages={892--898},
  year={1980},
  publisher={Soil Science Society of America}
}

@BOOK{VanReeuwijk2002,
  editor       = {{Van Reeuwijk}, L.P.},
  title        = {Procedures for Soil Analysis},
  publisher    = {ISRIC - World Soil Information},
  series       = {Technical paper 9},
  address      = {Wageningen, the Netherlands},
  pages        = {21},
  year         = {2002},
}

@BOOK{VanEngelen2012,
  editor       = {{Van Engelen}, V.W.P. and Dijkshoorn, J.A.},
  title        = {{Global and National Soils and Terrain Digital Databases (SOTER), Procedures Manual, version 2.0}},
  publisher    = {ISRIC - World Soil Information},
  series       = {ISRIC Report 2012/04},
  address      = {Wageningen, the Netherlands},
  pages        = {192},
  year         = {2012},
}

@book{food2006guidelines,
  title={Guidelines for Soil Description},
  author={Food and Agriculture Organization of the United Nations},
  isbn={9789251055212},
  lccn={2006484609},
  year={2006},
  publisher={Food and Agriculture Organization of the United Nations}
}

@article{bouma1998exploring,
  title={Exploring land quality effects on world food supply},
  author={Bouma, J. and Batjes, N.~H. and Groot, J.~J.~R.},
  journal={Geoderma},
  volume={86},
  number={1},
  pages={43--59},
  year={1998},
  publisher={Elsevier}
}


@article{hodnett2002marked,
  title={{Marked differences between van Genuchten soil water-retention parameters for temperate and tropical soils: a new water-retention pedo-transfer functions developed for tropical soils}},
  author={Hodnett, M.G. and Tomasella, J.},
  journal={Geoderma},
  volume={108},
  number={3},
  pages={155--180},
  year={2002},
  publisher={Elsevier}
}

@ARTICLE{Batjes2009SUM,
  author = {Batjes, N.~H.},
  title = {{Harmonized soil profile data for applications at global and continental scales: Updates to the WISE database}},
  journal = {Soil Use and Management},
  year = {2009},
  volume = {25},
  pages = {124-127},
  number = {2},
  doi = {10.1111/j.1475-2743.2009.00202.x}
}


@article{Luo2012JoH,
title = "Approaches of soil data aggregation for hydrologic simulations",
journal = "Journal of Hydrology ",
volume = "464?465",
number = "0",
pages = "467 - 476",
year = "2012",
note = "",
issn = "0022-1694",
doi = "10.1016/j.jhydrol.2012.07.036",
author = "Yuzhou Luo and Darren L. Ficklin and Minghua Zhang"
}


@ARTICLE{DeGruijter1997Geoderma,
  author = {{de Gruijter}, J.~J. and Walvoort, D.~J.~J. and van Gaans, P.~F.~M.},
  title = {Continuous soil maps --- a fuzzy set approach to bridge the gap between aggregation levels of process and distribution models},
  journal = {Geoderma},
  year = {1997},
  volume = {77},
  pages = {169-195},
  number = {2-4}
}

@INPROCEEDINGS{Zhao2010,
author={Zhao, Wei and Labed, J. and Zhang, Xiaoyu and Li, Zhao-Liang},
booktitle={Geoscience and Remote Sensing Symposium (IGARSS), 2010 IEEE International},
title={Surface soil moisture estimation from SEVIRI data onboard MSG satellite},
year={2010},
month={july},
volume={},
number={},
pages={3865-3868},
doi={10.1109/IGARSS.2010.5651592},
ISSN={2153-6996},
}

@ARTICLE{Barre2008,
author={Barr\'{e}, H.M.J. and Duesmann, B. and Kerr, Y.H.},
journal={Geoscience and Remote Sensing, IEEE Transactions on}, title={SMOS: The Mission and the System},
year={2008},
month={march},
volume={46},
number={3},
pages={587-593},
doi={10.1109/TGRS.2008.916264},
ISSN={0196-2892},
}

@INCOLLECTION{vanReeuwijk1982,
  author = {{van Reeuwijk}, L.R.},
  title = {Laboratory methods and data quality. Program for soil characterization: a report on the pilot round. Part I. CEC and texture},
  booktitle = {Proceedings of 5th International Classification Workshop},
  year = {1982},
  publisher = {ISRIC},
  address = {Khartoum, Sudan}
}

@ARTICLE{Adams1973JSS,
  author = {Adams, W. A.},
  title = {{The effect of organic matter on the bulk and true density of some
	uncultivated podzolic soils}},
  journal = {Journal of Soil Science},
  year = {1973},
  volume = {24},
  pages = {10 - 17}
}

@ARTICLE{Ahem1995PS,
  author = {Ahem, C.R. and Baker, D.E. and Aitken, R.L.},
  title = {{Models for relating pH measurements in water and calcium chloride for a wide range of pH, soil types and depths}},
  journal = {Plant and Soil},
  year = {1995},
  volume = {171},
  pages = {47-52}
}

@ARTICLE{Aitken1991AJSR,
  author = {Aitken, R.L. and Moody, P.W.},
  title = {{Interrelations between Soil pH Measurements in Various Electrolytes
	and Soil Solution pH in Acidic Soils}},
  journal = {Australian Journal of Soil Research},
  year = {1991},
  volume = {29},
  pages = {483 - 491}
}

@ARTICLE{Alexander1980SSSAJ,
  author = {Alexander, E.B.},
  title = {{Bulk density of Californian soils in relation to other soil properties}},
  journal = {Soil Science Society of America Journal},
  year = {1980},
  volume = {44},
  pages = {689-692}
}

@ARTICLE{Allegrini2002ArXiv,
  author = {{Allegrini}, P. and {Benci}, V. and {Grigolini}, P. and {Hamilton},
	P. and {Ignaccolo}, M. and {Menconi}, G. and {Palatella}, L. and
	{Raffaelli}, G. and {Scafetta}, N. and {Virgilio}, M. and {Jang},
	J.},
  title = {{Compression and diffusion: a joint approach to detect complexity}},
  journal = {Chaos, Solitions \& Fractals},
  year = {2003},
  volume = {15},
  pages = {517-535},
  number = {3}
}

@INPROCEEDINGS{AmengualToral2004,
  author = {{Amengual}, P. and {Toral}, R.},
  title = {{Parrondo's games and the zipping algorithm}},
  booktitle = {Society of Photo-Optical Instrumentation Engineers (SPIE) Conference
	Series},
  year = {2004},
  editor = {{Z.~Gingl}},
  volume = {5471},
  series = {Presented at the Society of Photo-Optical Instrumentation Engineers
	(SPIE) Conference},
  pages = {203-212},
  month = may,
  doi = {10.1117/12.556419}
}

@BOOK{andrienko2006exploratory,
  title = {Exploratory analysis of spatial and temporal data: a systematic approach},
  publisher = {Springer},
  year = {2006},
  author = {Andrienko, N. and Andrienko, G.},
  isbn = {9783540259947},
  lccn = {2005936053},
  url = {http://books.google.com/books?id=Oqq7oP31EycC}
}

@ARTICLE{Arya1981SSSAJ,
  author = {Arya, L.M. and Paris, J.F.},
  title = {{A physico-empirical approach to predict the soil water moisture
	characteristic from particle size distribution and bulk density data}},
  journal = {Soil Science Society of America Journal},
  year = {1981},
  volume = {45},
  pages = {1023-1030}
}

@BOOK{Avery1987,
  title = {Soil survey methods: a review},
  publisher = {Soil Survey \& Land Resource Centre},
  year = {1987},
  author = {Avery, B.},
  pages = {86},
  series = {Technical Monograph No. 18},
  address = {Silsoe}
}

@ARTICLE{Ball1964JSS,
  author = {Ball, D.F.},
  title = {{Loss-on-ignition as an estimate of organic matter and organic carbon in non-calcareous soils}},
  journal = {Journal of Soil Science},
  year = {1964},
  volume = {15},
  pages = {84-92},
  number = {1}
}

@INBOOK{Rainer2011,
  chapter = {Soil carbon in European soils},
  pages = {in press},
  title = {Soil carbon balance in sensitive ecosystems in Europe --- relevance to policy issues},
  publisher = {Springer},
  year = {2011},
  editor = {??},
  author = {Baritz, Rainer and Dietmar, Zirlewagen and Robert, Jones and Dominique,	Arrouays and Roland, Hiederer and Marion, Schrumpf and Winfried, Riek}
}

@ARTICLE{Rainer2010,
  author = {Baritz, Rainer and Seufert, Guenther and Montanarella, Luca and {Van Ranst}, Eric},
  title = {Carbon concentrations and stocks in forest soils of Europe},
  journal = {Forest Ecology and Management},
  year = {2010},
  volume = {260},
  pages = {262 - 277},
  month = {06/2010},
  doi = {10.1016/j.foreco.2010.03.025},
  issn = {03781127}
}

@BOOK{Batjes2008ISRIC,
  title = {{ISRIC-WISE Harmonized Global Soil Profile Dataset (Ver. 3.1)}},
  publisher = {ISRIC --- World Soil Information},
  year = {2008},
  author = {Batjes, N.~H.},
  pages = {59},
  series = {Report 2008/02 (with dataset)},
  address = {Wageningen}
}

@BOOK{Batjes2005ISRIC,
  title = {{ISRIC-WISE derived soil properties on a 5 by 5 arc-minutes global grid (ver. 1.2)}},
  publisher = {ISRIC --- World Soil Information},
  year = {2012},
  author = {Batjes, N.~H.},
  pages = {57},
  series = {Report 2012/01},
  address = {Wageningen}
}

@ARTICLE{Batjes2007AEE,
  author = {Batjes, N.~H. and Al-Adamat, R. and Bhattacharyya, T. and Bernoux, M. and Cerri, C.~E.~P.and Gicheru, P. and Kamoni, P. and Milne, E. and Pal, D.K. and Rawajfih, Z.},
  title = {{Preparation of consistent soil data sets for SOC modelling purposes: secondary SOTER data sets for four case study areas}},
  journal = {Agriculture, Ecosystems and Environment},
  year = {2007},
  volume = {122},
  pages = {26-34}
}

@ARTICLE{Beaudette2009CG,
  author = {Beaudette, D. and O'Geen, A.T.},
  title = {{Soil-web: An online soil survey for California, Arizona, and Nevada}},
  journal = {Computers \& Geosciences},
  year = {2009},
  volume = {35},
  pages = {2119-2128}
}

@ARTICLE{Bernoux1998SSSAJ,
  author = {Bernoux, M. and Arrouays, D. and Cerri, C. and Valkoff, B. and Jolivet,
	C.},
  title = {{Bulk densities of Brazilian Amazon soils related to other soil properties}},
  journal = {Soil Science Society of America Journal},
  year = {1998},
  volume = {62},
  pages = {743-749}
}

@ARTICLE{BieUlph1972JAE,
  author = {Bie, S.W. and Ulph, A.},
  title = {The economic value of survey information},
  journal = {Journal of Agricultural Economics},
  year = {1972},
  volume = {13},
  pages = {285-297}
}

@ARTICLE{Bie1973JSS,
  author = {Bie, S.W. and Uph, A. and Beckett, P.H.~T.},
  title = {Calculating the economic benefits of soil survey},
  journal = {Journal of Soil Science},
  year = {1973},
  volume = {24},
  pages = {429-435}
}

@ARTICLE{Bishop1999Geoderma,
  author = {Bishop, T.F.A. and McBratney, A.~B. and Laslett, G.M.},
  title = {Modelling soil attribute depth functions with equal-area quadratic smoothing splines},
  journal = {Geoderma},
  year = {1999},
  volume = {91},
  pages = {27-45},
  number = {1-2}
}

@ARTICLE{Bishop2001Geoderma,
  author = {Bishop, T.F.A. and McBratney, A.~B. and Whelan, B.M.},
  title = {Measuring the quality of digital soil maps using information criteria},
  journal = {Geoderma},
  year = {2001},
  volume = {103},
  pages = {95-111},
  number = {1}
}

@ARTICLE{Bishop2001Geoderma2,
  author = {Bishop, T.~F.~A. and McBratney, A.~B.},
  title = {{A comparison of prediction methods for the creation of field-extent soil property maps}},
  journal = {Geoderma},
  year = {2001},
  volume = {103},
  pages = {149-160},
  number = {1-2}
}

@book{grunwald2005environmental,
  title={{Environmental Soil-Landscape Modeling: Geographic Information Technologies and Pedometrics}},
  author={Grunwald, S.},
  isbn={9780824723897},
  lccn={05050562},
  series={Books in Soils, Plants, and the Environment Series},
  year={2005},
  publisher={Taylor \& Francis}
}


@INCOLLECTION{Bishop2005CRCPress,
  author = {Bishop, T.~F.~A. and Minasny, B.},
  title = {{Digital Soil-Terrain Modelling: The Predictive Potential and Uncertainty}},
  booktitle = {Environmental Soil-Landscape Modeling: Geographic Information Technologies and Pedometrics},
  publisher = {CRC Press},
  year = {2005},
  editor = {Grunwald, S.},
  pages = {185-213},
  address = {Boca Raton, Florida}
}

@ARTICLE{Bisutti2004TAC,
  author = {Bisutti, I. and Hilke, I. and Raessler, M.},
  title = {{Determination of total organic carbon --- an overview of current methods}},
  journal = {Trends in Analytical Chemistry},
  year = {2004},
  volume = {23},
  pages = {716-726},
  number = {10-11}
}

@BOOK{Omuto2012GSP,
  title = {{State of the Art Report on Global and Regional Soil Information: Where are we? Where to go?}},
  publisher = {FAO},
  year = {2012},
  author = {Omuto, C. and Nachtergaele, F. and Vargas Rojas, R.},
  pages = {66},
  series = {Global Soil Partnership technical report},
  address = {Rome}
}

@BOOK{Campbell2008NCST,
  title = {{Managing Australia's Soils: A policy discussion paper}},
  publisher = {National Committee on Soil and Terrain},
  year = {2008},
  author = {Campbell, Andrew},
  pages = {83},
  isbn = {978-0-9803714-1-3},
  address = {Canberra}
}

@BOOK{Bivand2013Springer,
  title = {{Applied Spatial Data Analysis with R}},
  publisher = {Springer},
  year = {2013},
  author = {Bivand, R. and Pebesma, E. and Rubio, V.},
  pages = {401},
  series = {Use R Series},
  address = {Heidelberg},
  edition = {2nd}
}

@BOOK{Bivand2008Springer,
  title = {{Applied Spatial Data Analysis with R}},
  publisher = {Springer},
  year = {2008},
  author = {Bivand, R. and Pebesma, E. and Rubio, V.},
  pages = {400},
  series = {Use R Series},
  address = {Heidelberg}
}

@INCOLLECTION{Bouma1989S,
  author = {Bouma, J.},
  title = {{Land qualities in space and time}},
  booktitle = {{Proceedings of a symposium organized by the International Society of Soil Science}},
  year = {1989},
  editor = {Bouma, J. and Bregt, A.K.},
  pages = {3-13},
  address = {Wageningen},
  journal = {Science}
}

@INPROCEEDINGS{Brenning2008SAGA2,
  author = {Brenning, A.},
  title = {{Statistical Geocomputing combining R and SAGA: The Example of Landslide susceptibility Analysis with generalized additive Models}},
  booktitle = {SAGA --- Seconds Out},
  year = {2008},
  editor = {B\"{o}hner, J. and Blaschke, T. and Montanarella, L.},
  volume = {19},
  pages = {23--32},
  address = {Hamburg},
  publisher = {Hamburger Beitr\"{a}ge zur Physischen Geographie und Landschafts\"{o}kologie}
}

@ARTICLE{Brown2007DUE,
  author = {Brown, James D. and Heuvelink, Gerard B. M.},
  title = {{The Data Uncertainty Engine (DUE): A software tool for assessing and simulating uncertain environmental variables}},
  journal = {Comput. Geosci.},
  year = {2007},
  volume = {33},
  pages = {172--190},
  month = {February},
  doi = {10.1016/j.cageo.2006.06.015},
  issue = {2},
  numpages = {19}
}

@ARTICLE{Bruand2003SUM,
  author = {Bruand, A. and Fernandez, P.P. and Duval, O.},
  title = {{Use of class pedotransfer functions based on texture and bulk density of clods to generate water retention curves}},
  journal = {Soil Use and Management},
  year = {2003},
  volume = {19},
  pages = {232-242}
}

@ARTICLE{Bruce1989AJSR,
  author = {Bruce, R.C. and Warrell, L.A. and Bell, L.C. and Edwards, D.G.},
  title = {{Chemical attributes of some Queensland acid soils, I. Solid and solution phase compositions}},
  journal = {Australian Journal of Soil Research},
  year = {1989},
  volume = {27},
  pages = {333-351}
}

@ARTICLE{Brus2007Geoderma,
  author = {Brus, D.~J. and Heuvelink, G.~B.~M.},
  title = {{Optimization of sample patterns for universal kriging of environmental variables}},
  journal = {Geoderma},
  year = {2007},
  volume = {138},
  pages = {86-95},
  number = {1-2}
}

@ARTICLE{Brye2003CSSPA,
  author = {Brye, K.R. and Slaton, N.A.},
  title = {{Carbon and Nitrogen Storage in a Typic Albaqualf as Affected by Assessment Method}},
  journal = {Communications in Soil Science and Plant Analysis},
  year = {2003},
  volume = {34},
  pages = {1637-1655}
}

@ARTICLE{Bui2004Geoderma,
  author = {Bui, E},
  title = {Soil survey as a knowledge system},
  journal = {Geoderma},
  year = {2004},
  volume = {120},
  pages = {17--26},
  month = {05/2004},
  doi = {10.1016/j.geoderma.2003.07.006},
  issn = {00167061}
}

@ARTICLE{Bui2003Geoderma,
  author = {Bui, E.},
  title = {A strategy to fill gaps in soil survey over large spatial extents: an example from the Murray-Darling basin of Australia},
  journal = {Geoderma},
  year = {2003},
  volume = {111},
  pages = {21-44},
  month = {01/2003},
  doi = {10.1016/S0016-7061(02)00238-0},
  issn = {00167061}
}

@ARTICLE{Burrough1989JSS,
  author = {Burrough, P.~A.},
  title = {Fuzzy mathematical methods for soil survey and land evaluation},
  journal = {Journal of Soil Science},
  year = {1989},
  volume = {40},
  pages = {477--492},
  number = {3},
  doi = {10.1111/j.1365-2389.1989.tb01290.x},
  issn = {1365-2389}
}

@ARTICLE{Burrough1971,
  author = {Burrough, P.~A. and Beckett, P.H.~T. and Jarvis, M.G.},
  title = {The Relation Between Cost and Utility in Soil Survey (I--III)},
  journal = {Journal of Soil Science},
  year = {1971},
  volume = {22},
  pages = {359-394},
  number = {3},
  doi = {10.1111/j.1365-2389.1971.tb01624.x},
  issn = {1365-2389},
  publisher = {Blackwell Publishing Ltd}
}

@INPROCEEDINGS{CamaraOnsrud2004NAP,
  author = {C\^{a}mara, G. and Onsrud, H.},
  title = {Open Source GIS Software: Myths and Realities},
  booktitle = {Open Access and the Public Domain in Digital Data and Information
	for Science},
  year = {2004},
  pages = {16},
  address = {Washington},
  publisher = {The National Academies Press}
}

@ARTICLE{Calhoun2001SSSAJ,
  author = {Calhoun, F.G. and Smeck, N.E. and Slater, B.L. and Bigham, J.M. and
	Hall, G.F.},
  title = {{Predicting bulk density of Ohio soils from morphology, genetic principles,
	and laboratory characterization data}},
  journal = {Soil Science Society of America Journal},
  year = {2001},
  volume = {65},
  pages = {811-819}
}

@INCOLLECTION{Campbell1989,
  author = {Campbell, G.S. and Shiozawa, S.},
  title = {{Prediction of hydraulic properties of soils using particle-size
	distribution and bulk density data}},
  booktitle = {{Proc. Int. Worksh. On Indirect Methods for Estimating the Hydraulic
	Properties of Unsaturated Soils}},
  publisher = {Univ. of California, Riverside},
  year = {1989},
  editor = {{van Genuchten, M.Th. et al.}},
  pages = {317-328},
  address = {Riverside, CA}
}

@ARTICLE{Canadell1996Oecologia,
  author = {Canadell, J. and Jackson, R.B. and Ehleringer, J.R. and Mooney, H.A. and Sala, O.E. and Schulze, E.-D.},
  title = {Maximum rooting depth of vegetation types at the global scale},
  journal = {Oecologia},
  year = {1996},
  volume = {108},
  pages = {583-595}
}

@ARTICLE{Canarache1993ST,
  author = {Canarache, A.},
  title = {{Physical-technological soil maps --- A possible product of soil survey for direct use in agriculture}},
  journal = {Soil Technology},
  year = {1993},
  volume = {6},
  pages = {3-15}
}

@INPROCEEDINGS{Carrick2010WCSS,
  author = {Carrick, Sam and Vesely, \'{E}va-Ter\'{e}zia and Hewitt, Allan},
  title = {Economic value of improved soil natural capital assessment: a case
	study on nitrogen leaching},
  booktitle = {19th World Congress of Soil Science},
  year = {2010},
  pages = {1-6},
  address = {Brisbane, Australia},
  publisher = {IUSS}
}

@BOOK{carter2007soil,
  title = {{Soil Sampling and Methods of Analysis}},
  publisher = {CRC PRESS},
  year = {2007},
  author = {Carter, M.R. and Gregorich, E.G.},
  isbn = {9780849335860}
}

@BOOK{CIESIN2005,
  title = {Gridded Population of the World Version 3 (GPWv3): Population Grids},
  publisher = {Socioeconomic Data and Applications Center (SEDAC), Columbia University},
  year = {2005},
  author = {{Center for International Earth Science Information Network, Columbia
	and University; Centro Internacional de Agricultura Tropical}},
  address = {Palisades, NY}
}

@ARTICLE{Chacon2002CSSPA,
  author = {Chac{\'o}n, N. and Dezzeo, N. and F{\"o}lster, H. and Mogoll{\'o}n,
	P.},
  title = {{Comparison between colorimetric and titration methods for organic carbon determination in acidic soils}},
  journal = {Communications in Soil Science and Plant Analysis},
  year = {2002},
  volume = {33},
  pages = {203-211}
}

@BOOK{chambers2008software,
  title = {{Software for data analysis: programming with R}},
  publisher = {Springer},
  year = {2008},
  author = {Chambers, J.M.},
  series = {Statistics and computing},
  isbn = {9780387759357},
  lccn = {2008922937}
}

@ARTICLE{ChangSeong2002PG,
  author = {{Chang Seong}, J. and Mulcahy, K.A. and Usery, E.L.},
  title = {{The Sinusoidal Projection: A New Importance in Relation to Global Image Data}},
  journal = {The Professional Geographer},
  year = {2002},
  volume = {54},
  pages = {218-225},
  number = {2}
}

@ARTICLE{Chaplot2001SS,
  author = {Chaplot, Vincent and Bernoux, Martial and Walter, Christian and Curmi,
	Pierre and Herpin, Uwe},
  title = {{Soil Carbon Storage Prediction in Temperate Hydromorphic Soils Using A Morphologic Index and Digital Elevation Model}},
  journal = {Soil Science},
  year = {2001},
  volume = {166},
  pages = {48-60},
  number = {1}
}

@BOOK{chesworth2008encyclopedia,
  title = {{Encyclopedia of soil science}},
  publisher = {Springer},
  year = {2008},
  author = {Chesworth, W.},
  series = {Encyclopedia of earth sciences series},
  isbn = {9781402039942},
  lccn = {2007937941}
}

@BOOK{christakos2001temporal,
  title = {{Temporal GIS: advanced functions for field-based applications}},
  publisher = {Springer},
  year = {2001},
  author = {Christakos, G. and Bogaert, P. and Serre, M.L.},
  number = {v. 1},
  isbn = {9783540414766},
  lccn = {2001049649}
}

@BOOK{Christensen2001Springer,
  title = {{Linear Models for Multivariate, Time Series, and Spatial Data}},
  publisher = {Springer Verlag},
  year = {2001},
  author = {Christensen, R.},
  pages = {393},
  address = {New York},
  edition = {2nd}
}

@ARTICLE{Conyers1988SS,
  author = {Conyers, M.K. and Davey, B.G.},
  title = {{Observations on some routine methods for soil pH determination}},
  journal = {Soil Science},
  year = {1988},
  volume = {145},
  pages = {29-36}
}

@ARTICLE{Craglia2008IJSDIR,
  author = {Craglia, M. and Goodchild, M.F. and Annoni, A. and Camara, G. and
	Gould, M. and Kuhn, W. and Mark, D. and Masser, I. and Maguire, D.
	and Liang, S. and Parsons, E.},
  title = {{Next-Generation Digital Earth: A position paper from the Vespucci
	Initiative for the Advancement of Geographic Information Science}},
  journal = {International Journal of Spatial Data Infrastructures Research},
  year = {2008},
  volume = {3},
  pages = {146--167},
  number = {6}
}

@ARTICLE{Cresswell2006SUM,
  author = {Cresswell, H.P. and Coquet, Y. and Bruand, A. and McKenzie, N.J.},
  title = {{The transferability of Australian pedotransfer functions for predicting
	water retention characteristics of French soils}},
  journal = {Soil Use and Management},
  year = {2006},
  volume = {22},
  pages = {62-70}
}

@ARTICLE{Curtis1964SSSAP,
  author = {Curtis, R.O. and Post, B.W.},
  title = {{Estimating bulk density from organic matter content in some Vermont
	forest soils}},
  journal = {Soil Science Society of America Proceedings},
  year = {1964},
  volume = {28},
  pages = {285-286}
}

@ARTICLE{DAvello1998SSH,
  author = {D'Avello, T.P. and McLeese, R.L.},
  title = {Why are those lines placed where they are? An investigation of soil map recompilation methods},
  journal = {Soil Survey Horiz.},
  year = {1998},
  volume = {39},
  pages = {119-126}
}

@ARTICLE{Davis1943SS,
  author = {Davis, L.E.},
  title = {Measurements of pH with the glass electrode as affected by soil moisture},
  journal = {Soil Science},
  year = {1943},
  volume = {56},
  pages = {405-422},
  number = {6}
}

@ARTICLE{DeVos2007SUM,
  author = {{De Vos}, B. and Lettens, S. and Muys, B. and Deckers, J.A.},
  title = {{Walkley-Black analysis of forest soil organic carbon: Recovery,	limitations and uncertainty}},
  journal = {Soil Use and Management},
  year = {2007},
  volume = {23},
  pages = {221-229}
}

@ARTICLE{DeVos2005SSSAJ,
  author = {{De Vos}, B. and {Van Meirvenne}, M. and Quataert, P. and Deckers,
	J. and Muys, B.},
  title = {{Predictive quality of pedotransfer functions for estimating bulk
	density of forest soils}},
  journal = {Soil Science Society of America Journal},
  year = {2005},
  volume = {69},
  pages = {500-510}
}

@BOOK{Diggle2007Springer,
  title = {{Model-based Geostatistics}},
  publisher = {Springer},
  year = {2007},
  author = {Diggle, P.~J. and Ribeiro Jr, P.~J.},
  pages = {288},
  series = {Springer Series in Statistics}
}

@article {Smith2004SUM,
author = {Smith, P. and Falloon, P. and Kutsch, L.},
title = {Soils as carbon sinks: the global context},
journal = {Soil Use and Management},
volume = {20},
number = {2},
publisher = {Blackwell Publishing Ltd},
issn = {1475-2743},
doi = {10.1111/j.1475-2743.2004.tb00361.x},
pages = {212--218},
year = {2004}
}

@INCOLLECTION{Smith2010CUP,
author = {Pete Smith, Pete Falloon and Werner L. Kutsch},
title =  {{The role of soils in the Kyoto Protocol}},
bookTitle = {Soil Carbon Dynamics},
editor =  {Bahn, M.},
publisher = {Cambridge University Press},
year = {2010},
pages = {245-256},
doi ={10.1017/CBO9780511711794.014}
}

@article {Rosenbaum2012WRCR,
author = {Rosenbaum, U. and Bogena, H. R. and Herbst, M. and Huisman, J. A. and Peterson, T. J. and Weuthen, A. and Western, A. W. and Vereecken, H.},
title = {Seasonal and event dynamics of spatial soil moisture patterns at the small catchment scale},
journal = {Water Resources Research},
volume = {48},
number = {10},
issn = {1944-7973},
doi = {10.1029/2011WR011518},
pages = {1--22},
year = {2012},
}

@ARTICLE{Edwards2004Bioscience,
  author = {Edwards, J.~L.},
  title = {{Research and societal benefits of the Global Biodiversity Information Facility}},
  journal = {BioScience},
  year = {2004},
  volume = {54},
  pages = {485-486},
  number = {6}
}

@BOOK{eldridge1997impact,
  title = {The impact of the scale of mapping on soil map quality},
  publisher = {University of Canberra},
  year = {1997},
  author = {Eldridge, S.M.},
  pages = {810},
  address = {Canberra}
}

@INCOLLECTION{Englund1993OUP,
  author = {Englund, E.},
  title = {{Spatial Simulation: Environmental Applications}},
  booktitle = {Environmental modeling with GIS},
  publisher = {Oxford University Press},
  year = {1993},
  editor = {Goodchild, M. and Parks, B. and Steyaert, L.},
  chapter = {43},
  pages = {432--446},
  address = {New York}
}

@BOOK{FAO2006,
  title = {Guidelines for soil profile description},
  publisher = {Food and Agriculture Organization of the United Nations},
  year = {2006},
  author = {FAO},
  address = {Rome},
  edition = {4th}
}

@BOOK{FAO1990,
  title = {Guidelines for soil profile description},
  publisher = {Food and Agriculture Organization of the United Nations},
  year = {1990},
  author = {FAO},
  address = {Rome},
  edition = {3rd}
}

@BOOK{FAO2002Agriculture,
  title = {World agriculture: towards 2015/2030},
  publisher = {Food and Agriculture Organization of the United Nations},
  year = {2002},
  author = {{FAO Economic and Social Development Department}},
  address = {Rome},
  isbn = {9251047618}
}

@ARTICLE{Federer1993CJFR,
  author = {Federer, C.A. and Turcotte, D.E. and Smith, C.T.},
  title = {{The organic- bulk-density relationship and the expression of nutrient content in forest soils}},
  journal = {Canadian Journal of Forest Research},
  year = {1993},
  volume = {23},
  pages = {1026-1032}
}

@BOOK{FIWG2008Fertilizers,
  title = {Current world fertilizer trends and outlook to 2011/12},
  publisher = {Food and Agriculture Organization},
  year = {2008},
  author = {{Fertilizer Industry Working Group}},
  address = {Rome}
}

@INCOLLECTION{Finke2006Elsevier,
  author = {Finke, P.},
  title = {{Quality assessment of digital soil maps: producers and users perspectives}},
  booktitle = {{Digital Soil Mapping: An Introductory Perspective}},
  publisher = {Elsevier},
  year = {2006},
  editor = {Lagacherie, P. and McBratney, A.~B. and Voltz, M.},
  series = {Developments in Soil Science},
  pages = {523--541},
  address = {Amsterdam}
}

@BOOK{frossard2006function,
  title = {{Function of soils for human societies and the environment}},
  publisher = {Geological Society},
  year = {2006},
  author = {Frossard, E. and Blum, W.E.H. and Warkentin, B.P. and Geological
	Society of London},
  series = {Special publication --- Geological Society of London},
  isbn = {9781862392076},
  lccn = {2007272763}
}

@ARTICLE{Gijsman2002EJA,
  author = {Gijsman, A.J. and Jagtap, S.S. and Jones, J.W.},
  title = {{Wading through a swamp of complete confusion: How to choose a method
	for estimating soil water retention parameters for crop models}},
  journal = {European Journal of Agronomy},
  year = {2002},
  volume = {18},
  pages = {75-105}
}

@ARTICLE{Gijsman2007CEA,
  author = {Gijsman, A.J. and Thornton, P.K. and Hoogenboom, G.},
  title = {{Using the WISE database to parameterize soil inputs for crop simulation
	models}},
  journal = {Computers and Electronics in Agriculture},
  year = {2007},
  volume = {56},
  pages = {85-100}
}

@ARTICLE{Giles2005Nature,
  author = {Giles, Jim},
  title = {Internet encyclopaedias go head to head},
  journal = {Nature},
  year = {2005},
  volume = {438},
  pages = {900--901},
  number = {7070},
  month = dec,
  doi = {10.1038/438900a},
  issn = {0028-0836}
}

@BOOK{Glenn2009Millenium,
  title = {2009 State of the Future},
  publisher = {The Millenium Project},
  year = {2009},
  author = {Glenn, J.C. and Gordon, T.J. and Florescu, E.},
  pages = {100}
}

@INCOLLECTION{Goodchild2008Accuracy,
  author = {Goodchild, M.F.},
  title = {Spatial Accuracy 2.0},
  booktitle = {Proceedings of the 8th International Symposium on Spatial Accuracy
	Assessment in Natural Resources and Environmental Sciences},
  publisher = {World Academic Union (Press)},
  year = {2008},
  editor = {{Wan, Y. et al.}},
  pages = {1-7}
}

@BOOK{Goovaerts1997Oxford,
  title = {{Geostatistics for Natural Resources Evaluation (Applied Geostatistics)}},
  publisher = {Oxford University Press},
  year = {1997},
  author = {Goovaerts, P.},
  pages = {496},
  address = {New York}
}

@ARTICLE{Grewal1991JSS,
  author = {Grewal, K.S. and Buchan, G.D. and Sherlock, R.R.},
  title = {{A comparison of three methods of organic carbon determination in some New Zealand soils}},
  journal = {Journal of Soil Science},
  year = {1991},
  volume = {42},
  pages = {251-257}
}

@ARTICLE{Grinand2008Geoderma,
  author = {Grinand, C. and Arrouays, D. and Laroche, B. and Martin, M.},
  title = {{Extrapolating regional soil landscapes from an existing soil map: Sampling intensity, validation procedures, and integration of spatial	context}},
  journal = {Geoderma},
  year = {2008},
  volume = {143},
  pages = {180-190},
  month = {01/2008},
  doi = {10.1016/j.geoderma.2007.11.004},
  issn = {00167061}
}

@BOOK{Hall1977,
  title = {{Water Retention, Porosity and Density of Field Soils}},
  year = {1977},
  author = {Hall, D.G. and Reeve, M.J. and Thomasson, A.J. and Wright, V.F.},
  series = {Soil Survey of England and Wales},
  address = {Harpenden},
  note = {Technical Monograph No. 9}
}

@ARTICLE{Hartemink2008SUM,
  author = {Hartemink, A.~E.},
  title = {Soils are back on the global agenda},
  journal = {Soil Use and Management},
  year = {2008},
  volume = {24},
  pages = {327--330}
}

@article{Lal2003437,
author = "Lal, R.",
title = "Soil erosion and the global carbon budget",
journal = "Environment International",
volume = "29",
number = "4",
pages = "437 - 450",
year = "2003",
issn = "0160-4120",
doi = "10.1016/S0160-4120(02)00192-7"
}

@article{Lal2004Science,
author = {Lal, R.},
title = {{Soil Carbon Sequestration Impacts on Global Climate Change and Food Security}},
volume = {304},
number = {5677},
pages = {1623-1627},
year = {2004},
doi = {10.1126/science.1097396},
journal = {Science}
}

@article{Pimentel2006Springer,
year={2006},
issn={1387-585X},
journal={Environment, Development and Sustainability},
volume={8},
number={1},
doi={10.1007/s10668-005-1262-8},
title={{Soil Erosion: A Food and Environmental Threat}},
publisher={Kluwer Academic Publishers},
author={Pimentel, David},
pages={119-137}
}

@INCOLLECTION{Hartemink2010Springer,
  author = {Hartemink, A.~E. and Hempel, J. and Lagacherie, P. and McBratney,
	A.~B. and McKenzie, N. and MacMillan, R.~A. and Minasny, B. and Montanarella,
	L. and Mendo\c{c}a Santos, M.L. and Sanchez, P. and Walsh, M. and
	Zhang, G.-L.},
  title = {{GlobalSoilMap.net --- A New Digital Soil Map of the World}},
  booktitle = {Digital Soil Mapping: Bridging Research, Environmental Application,
	and Operation},
  publisher = {Springer},
  year = {2010},
  editor = {Boettinger, J.~L. and Howell, D.~W. and Moore, A.~C. and Hartemink,
	A.~E. and Kienast-Brown, S.},
  volume = {2},
  series = {Progress in Soil Science},
  chapter = {33},
  pages = {423--427}
}

@ARTICLE{Henderson2004Geoderma,
  author = {Henderson, B.~L. and Bui, E.~N. and Moran, C.~J. and Simon, D.~A.~P.},
  title = {{Australia-wide predictions of soil properties using decision trees}},
  journal = {Geoderma},
  year = {2004},
  volume = {124},
  pages = {383-398},
  number = {3-4}
}

@ARTICLE{Hengl2006CG,
  author = {Hengl, T.},
  title = {{Finding the right pixel size}},
  journal = {Computers \& Geosciences},
  year = {2006},
  volume = {32},
  pages = {1283-1298},
  number = {9}
}

@INCOLLECTION{HenglHeuvelink2004DSM,
  author = {Hengl, T. and Heuvelink, G.B.M.},
  title = {{New Challenges for predictive soil mapping}},
  booktitle = {Conference proceedings: Global Workshop on Digital Soil Mapping},
  publisher = {AGRO-M/INRA},
  year = {2004},
  editor = {Lagacherie, P. and McBratney, A.~B. and Voltz, M.},
  pages = {9},
  address = {Montpellier}
}

@ARTICLE{Hengl2006SSSAJ,
  author = {Hengl, Tomislav and Husnjak, Stjepan},
  title = {{Evaluating Adequacy and Usability of Soil Maps in Croatia}},
  journal = {Soil Science Society of America Journal},
  year = {2006},
  volume = {70},
  pages = {920-929},
  number = {3},
  doi = {10.2136/sssaj2004.0141}
}

@article{Heuvelink19921,
title = "Combining soil maps with interpolations from point observations to predict quantitative soil properties",
journal = "Geoderma",
volume = "55",
number = "1-2",
pages = "1-15",
year = "1992",
note = "",
issn = "0016-7061",
doi = "10.1016/0016-7061(92)90002-O",
author = "Heuvelink, G.B.M. and Bierkens, M.F.P."
}

@ARTICLE{Hengl2013JAG,
  author = {Hengl, T. and Nikoli\'{c}, M. and MacMillan, R.~A.},
  title = {Mapping efficiency and information content},
  journal = {International Journal of Applied Earth Observation and Geoinformation},
  year = {2013},
  volume = {22},
  pages = {127-138},
  doi = {10.1016/j.jag.2012.02.005}
}

@ARTICLE{Hengl2004AJSR,
  author = {Hengl, T. and Rossiter, D.~G. and Stein, A.},
  title = {{Soil sampling strategies for spatial prediction by correlation with auxiliary maps}},
  journal = {Australian Journal of Soil Research},
  year = {2004},
  volume = {41},
  pages = {1403-1422},
  number = {8}
}

@INCOLLECTION{Hengl2006Accuracy,
  author = {Hengl, T. and Toomanian, N.},
  title = {{Maps are not what they seem: representing uncertainty in soil-property maps}},
  booktitle = {Proceedings of the 7th International Symposium on Spatial Accuracy Assessment in Natural Resources and Environmental Sciences (Accuracy
	2006)},
  publisher = {Instituto Geogr\'{a}phico Portugu\^{e}s},
  year = {2006},
  editor = {Caetano, M. and Painho, M.},
  pages = {805-813},
  address = {Lisbon, Portugal}
}

@ARTICLE{Heuscher2005SSSAJ,
  author = {Heuscher, S.A. and Brandt, C.C. and Jardine, P.M.},
  title = {{Using Soil Physical and Chemical Properties to Estimate Bulk Density}},
  journal = {Soil Science Society of America Journal},
  year = {2005},
  volume = {69},
  pages = {1-7}
}

@INCOLLECTION{Heuvelink2002Wiley,
  author = {Heuvelink, G.B.M.},
  title = {{Analysing uncertainty propagation in GIS: why is it not that simple?}},
  booktitle = {Uncertainty in Remote Sensing and GIS},
  publisher = {Wiley},
  year = {2002},
  editor = {Foody, G.M. and Atkinson, P.M.},
  pages = {155-165},
  address = {Chichester}
}

@BOOK{Heuvelink1998a,
  title = {Error propagation in environmental modelling with GIS},
  publisher = {Taylor \& Francis},
  year = {1998},
  author = {Heuvelink, G.B.M.},
  address = {London, UK}
}

@INCOLLECTION{Heuvelink2006Elsevier,
  author = {Heuvelink, G.B.M. and Brown, J.},
  title = {Towards a soil information system for uncertain soil data},
  booktitle = {{Digital Soil Mapping: An Introductory Perspective}},
  publisher = {Elsevier},
  year = {2006},
  editor = {Lagacherie, P. and McBratney, A.~B. and Voltz, M.},
  series = {Developments in Soil Science},
  pages = {112-118},
  address = {Amsterdam}
}

@ARTICLE{Heuvelink1999Geoderma,
  author = {Heuvelink, G.~B.~M. and Pebesma, E.~J.},
  title = {{Spatial aggregation and soil process modelling}},
  journal = {Geoderma},
  year = {1999},
  volume = {89},
  pages = {47-65},
  number = {1-2}
}

@ARTICLE{Heuvelink2001Geoderma,
  author = {Heuvelink, G.~B.~M. and Webster, R.},
  title = {{Modelling soil variation: past, present, and future}},
  journal = {Geoderma},
  year = {2001},
  volume = {100},
  pages = {269-301},
  number = {3-4}
}

@ARTICLE{Hijmans2005IJC,
  author = {Hijmans, R.~J. and Cameron, S.~E. and Parra, J.~L. and Jones, P.~G. and Jarvis, A.},
  title = {Very high resolution interpolated climate surfaces for global land areas},
  journal = {International Journal of Climatology},
  year = {2005},
  volume = {25},
  pages = {1965-1978}
}

@BOOK{Hofstede2004MH,
  title = {Cultures and Organizations: Software of the Mind},
  publisher = {McGraw-Hill},
  year = {2004},
  author = {Hofstede, G. and Hofstede, G.-J.},
  pages = {320},
  address = {New York}
}

@ARTICLE{Hudson2000SSSAJ,
  author = {Hudson, B.~D.},
  title = {{The soil survey as a paradigm-based science}},
  journal = {Soil Science Society of America Journal},
  year = {2004},
  volume = {56},
  pages = {836-841}
}

@ARTICLE{Hutchinson1989JH,
  author = {Hutchinson, M.F.},
  title = {{A new procedure for gridding elevation and stream line data with automatic removal of spurious pits}},
  journal = {Journal of Hydrology},
  year = {1989},
  volume = {106},
  pages = {211--232}
}

@ARTICLE{Iwahashi2007Geomorphology,
  author = {Junko Iwahashi and Richard J. Pike},
  title = {Automated classifications of topography from DEMs by an unsupervised nested-means algorithm and a three-part geometric signature},
  journal = {Geomorphology},
  year = {2007},
  volume = {86},
  pages = {409-440},
  number = {3-4},
  doi = {10.1016/j.geomorph.2006.09.012},
  issn = {0169-555X}
}

@ARTICLE{JacksonWyborn2007HJ,
  author = {Jackson, I. and Wyborn, L.},
  title = {{One planet: OneGeology? The Google Earth revolution and the geological data deficit}},
  journal = {Hydrogeology journal},
  year = {2007},
  volume = {15},
  pages = {197}
}

@ARTICLE{Jagtap2004TASAE,
  author = {Jagtap, S.S. and Lal, U. and Jones, J.W. and Gijsman, A.J. and Ritchie,	J.T.},
  title = {{A dynamic nearest-neighbor method for estimating soil water parameters}},
  journal = {Trans. ASAE},
  year = {2004},
  volume = {47},
  pages = {1437-1444}
}

@ARTICLE{Jankauskas2006CSSPA,
  author = {Jankauskas, B. and Jankauskiene, G. and Slepetiene, A. and Fullen,	M.A. and Booth, C.A.},
  title = {{International Comparison of Analytical Methods of Determining the Soil Organic Matter Content of Lithuanian Eutric Albeluvisols}},
  journal = {Communications in Soil Science and Plant Analysis},
  year = {2006},
  volume = {37},
  pages = {707-720}
}

@ARTICLE{Jeffrey1970JE,
  author = {Jeffrey, D.~W.},
  title = {{A note on the use of ignition loss as a means for the approximate estimation of soil bulk density}},
  journal = {Journal of Ecology},
  year = {1970},
  volume = {58},
  pages = {297-299}
}

@ARTICLE{Jolivet1998CSSPA,
  author = {Jolivet, C. and Arrouays, D. and Bernoux, M.},
  title = {{Comparison between analytical methods for organic carbon and organic matter determination in sandy Spodosols of France}},
  journal = {Communications in Soil Science and Plant Analysis},
  year = {1998},
  volume = {29},
  pages = {2227-2233}
}

@book{kutner2005applied,
  title={{Applied Linear Statistical Models}},
  author={Kutner, M.H. and Neter, J. and Nachtsheim, C.J. and Li, W.},
  isbn={9780073108742},
  lccn={2004052447},
  series={Operations and decision sciences series},
  year={2005},
  publisher={McGraw-Hill Irwin}
}

@INPROCEEDINGS{Jolma2008EMSDS,
  author = {Jolma, A. and Ames, D.P. and Horning, N. and Mitasova, H. and Neteler, M. and Racicot, A. and Sutton, T.},
  title = {{Free and Open Source Geospatial Tools for Environmental Modelling and Management}},
  booktitle = {{Environmental Modelling, Software and Decision Support}},
  year = {2008},
  editor = {Jakeman, A.J. and Voinov, A.A. and Rizzoli, A.~E. and Chen, S.H.},
  volume = {3},
  series = {{Developments in Integrated Environmental Assessment}},
  pages = {163--180},
  publisher = {Elsevier},
  doi = {10.1016/S1574-101X(08)00610-8}
}

@ARTICLE{Kalembasa1973JSFA,
  author = {Kalembasa, S.J. and Jenkinson, D.S.},
  title = {{A Comparative Study of Titrimetric and Gravimetric Methods for the Determination of Organic Carbon in Soil}},
  journal = {Journal of the Science of Food and Agriculture},
  year = {1973},
  volume = {24},
  pages = {1085-1090}
}

@ARTICLE{Kempen2009Geoderma,
  author = {Kempen, B. and Brus, D.J. and Heuvelink, G.B.M. and Stoorvogel, J.J.},
  title = {{Updating the 1:50,000 Dutch soil map using legacy soil data: A multinomial logistic regression approach}},
  journal = {Geoderma},
  year = {2009},
  volume = {151},
  pages = {311-326},
  number = {3-4},
  doi = {10.1016/j.geoderma.2009.04.023}
}

@INPROCEEDINGS{Walsh2009KSSSF,
  author =       {Walsh, M.G. and Ahamed, S. and Hartemink, A.~E. and Huising, J. and Okoth, P. and Palm, C.A. and Sanchez, P.~A. and Sanginga, N. and Shepherd, K.D. and V{\aa}gen, T.-G. and Winowiecki, L.A.},
  title =        {{A new information system for managing sub-Saharan Africa's soil: Why and how?}},
  booktitle =    {Proceedings 9th International Conference of the East and Southeast Asia Federation of Soil Science Societies},
  year =         {2009},
  publisher =    {KSSSF-RDA},
  address =     {Seoul, Korea}
}


@article{Brus2011EJSS,
author = {Brus, D.J. and Kempen, B. and Heuvelink, G.B.M.},
title = {Sampling for validation of digital soil maps},
journal = {European Journal of Soil Science},
volume = {62},
number = {3},
publisher = {Blackwell Publishing Ltd},
issn = {1365-2389},
doi = {10.1111/j.1365-2389.2011.01364.x},
pages = {394--407},
year = {2011}
}

@ARTICLE{Veronesi2012STR,
author={Veronesi, F. and Corstanje, R. and Mayr, T.},
title={Mapping soil compaction in {3D} with depth functions},
journal={Soil and Tillage Research},
year={2012},
volume={124},
pages={111-118},
doi={10.1016/j.still.2012.05.009}
}

@ARTICLE{Kempen2011Geoderma,
  author = {Kempen, B. and Brus, D.J. and Stoorvogel, J.J.},
  title = {Three-dimensional mapping of soil organic matter content using soil type-specific depth functions},
  journal = {Geoderma},
  year = {2011},
  volume = {162},
  pages = {107 - 123},
  number = {1-2},
  doi = {10.1016/j.geoderma.2011.01.010},
  issn = {0016-7061}
}

@BOOK{ViscarraRossel2010DSS,
  editor =       {Viscarra Rossel, Raphael A. and McBratney, Alex B. and Minasny, Budiman},
  title =        {{Proximal Soil Sensing}},
  publisher =    {Springer},
  year =         {2010},
  series =       {Progress in Soil Science},
  pages =        {448},
  isbn =         {978-90-481-8859-8}
}


@PHDTHESIS{Kempen2011PhDthesis,
  author =       {Kempen, B.},
  title =        {Updating soil information with digital soil mapping},
  school =       {Wageningen University},
  year =         {2011},
  type =         {PhD thesis},
  address =      {Wageningen},
  note =         {p. 215}
}

@BOOK{kondolf2003tools,
  title = {Tools in fluvial geomorphology},
  publisher = {Wiley},
  year = {2003},
  author = {Kondolf, G.M. and Pi{\'e}gay, H.},
  isbn = {9780471491422},
  lccn = {2003045056}
}

@ARTICLE{Konen2002SSSAJ,
  author = {Konen, M.E. and Jacobs, P.M. and Burras, C.L. and Talaga, B.J. and Mason, J.A.},
  title = {{Equations for Predicting Soil Organic Carbon Using Loss-on-Ignition	for North Central U.S. Soils}},
  journal = {Soil Science Society of America Journal},
  year = {2002},
  volume = {66},
  pages = {1878-1881}
}

@ARTICLE{Lagacherie2001Geoderm,
  author = {Lagacherie, P.},
  title = {Mapping of reference area representativity using a mathematical soilscape
	distance},
  journal = {Geoderma},
  year = {2001},
  volume = {101},
  pages = {105-118},
  doi = {10.1016/S0016-7061(00)00101-4},
  issn = {00167061}
}

@ARTICLE{Lagacherie1995Geoderma,
  author = {Lagacherie, P.},
  title = {A soil survey procedure using the knowledge of soil pattern established on a previously mapped reference area},
  journal = {Geoderma},
  year = {1995},
  volume = {65},
  pages = {283-301},
  month = {03/1995},
  doi = {10.1016/0016-7061(94)00040-H},
  issn = {00167061}
}

@ARTICLE{Lagacherie2000Geoderma,
  author = {Lagacherie, P. and Voltz, M.},
  title = {Predicting soil properties over a region using sample information
	from a mapped reference area and digital elevation data: a conditional
	probability approach},
  journal = {Geoderma},
  year = {2000},
  volume = {97},
  pages = {187-208},
  month = {9/2000},
  doi = {10.1016/S0016-7061(00)00038-0},
  issn = {00167061}
}

@ARTICLE{LeePercivall2008IEEE,
  author = {Lee, C. and Percivall, G.},
  title = {{Standards-Based Computing Capabilities for Distributed Geospatial Applications}},
  journal = {Computer},
  year = {2008},
  volume = {41},
  pages = {50--57},
  number = {11},
  doi = {10.1109/MC.2008.468},
  publisher = {IEEE Computer Society}
}

@BOOK{Legros2006SP,
  title = {Mapping of the soil},
  publisher = {Science Publishers},
  year = {2006},
  author = {Legros, J.-P.},
  pages = {407},
  address = {Enfield, New Hampshire},
  edition = {1st}
}

@article{Legros1997ESG,
  title = {Exploitation simultan\'{e}e de plusieurs missions photographiques en cartographie des sols. Analyse, mod\'{e}lisation et application},
  journal = {EGS},
  year = {1997},
  author = {Legros, J.-P. and Emery, C. and Falipou, P.},
  volume = {4},
  pages = {265-277},
}

@PHDTHESIS{Lagacherie1992PhD,
  author =       {Lagacherie, P.},
  title =        {Formalisation des lois de distribution des sols pour automatiser la cartographie p\'{e}dologique \`{a} partir d'un secteur pris comme r\'{e}f\'{e}rence. Cas de la petite r\'{e}gion ``Moyenne Vall\'{e}e de l'H\'{e}rault''},
  school =       {Universit\'{e} des Sciences et Techniques du Languedoc},
  year =         {1992},
  type =         {PhD thesis},
  address =      {Montpellier},
}

@ARTICLE{Lettens2005Geoderma,
  author = {Lettens, S. and {Van Orshoven}, and Wesemael, J. and {van Muys}, B.},
  title = {{Stocks and fluxes of soil organic carbon for landscape units in	Belgium derived from heterogeneous data sets for 1990 and 2000}},
  journal = {Geoderma},
  year = {2005},
  volume = {127},
  pages = {11-23}
}

@ARTICLE{Lettens2007EJSS,
  author = {Lettens, S. and Vos, B. and Quataert, P. and Wesemael, B. and {van Muys}, B. and {Van Orshoven}, J.},
  title = {{Variable carbon recovery of Walkley-Black analysis and implications	for national soil organic carbon accounting}},
  journal = {European Journal of Soil Science},
  year = {2007},
  volume = {58},
  pages = {1244-1253}
}

@ARTICLE{LiHeap2010EI,
  author = {Li, Jin and Heap, Andrew D.},
  title = {A review of comparative studies of spatial interpolation methods	in environmental sciences: Performance and impact factors},
  journal = {Ecological Informatics},
  year = {2010},
  month = {12/2010},
  doi = {10.1016/j.ecoinf.2010.12.003},
  issn = {15749541},
  volume = {6},
  issue = {3-4},
  pages = {228-241}
}

@ARTICLE{LiHuang2001IJGIS,
  author = {Li, Zhilin and Huang, Peizhi},
  title = {Quantitative measures for spatial information of maps},
  journal = {International Journal of Geographical Information Science},
  year = {2002},
  volume = {16},
  pages = {699-709},
  number = {7},
  doi = {10.1080/13658810210149416}
}

@INCOLLECTION{Lilburne2006Accuracy,
  author = {Lilburne, L. and Hewitt, A. and Ferriss, S.},
  title = {{Progress with the design of a soil uncertainty database, and associated tools for simulating spatial realisations of soil properties}},
  booktitle = {Proceedings of the 7th International Symposium on Spatial Accuracy Assessment in Natural Resources and Environmental Sciences (Accuracy 2006)},
  publisher = {Instituto Geogr\'{a}phico Portugu\^{e}s},
  year = {2006},
  editor = {Caetano, M. and Painho, M.},
  pages = {510-519},
  address = {Lisbon, Portugal}
}

@BOOK{lunetta2004remote,
  title = {Remote sensing and GIS accuracy assessment},
  publisher = {CRC Press},
  year = {2004},
  author = {Lunetta, R.S. and Lyon, J.G.},
  series = {Mapping Science},
  isbn = {9781566704434},
  lccn = {40457280}
}

@article{macmillan2003automated,
  title={Automated analysis and classification of landforms using high-resolution digital elevation data: applications and issues},
  author={MacMillan, RA and Martin, TC and Earle, TJ and McNabb, DH},
  journal={Canadian Journal of Remote Sensing},
  volume={29},
  number={5},
  pages={592--606},
  year={2003},
  publisher={Taylor \& Francis}
}

@ARTICLE{MacMillan2005CJSS,
  author = {MacMillan, R. A. and Pettapiece, W. W. and Brierley, J. A.},
  title = {An expert system for allocating soils to landforms through the application of soil survey tacit knowledge},
  journal = {Canadian Journal of Soil Science},
  year = {2005},
  pages = {103-112},
  month = {7/2005}
}

@INCOLLECTION{MacMillan2010DSM,
  author = {MacMillan, R.~A. and Moon, D.E. and Coup\'{e}, R.~A. and Phillips, N.},
  title = {Predictive Ecosystem Mapping (PEM) for 8.2 Million ha of Forestland,	British Columbia, Canada},
  booktitle = {Digital Soil Mapping: Bridging Research, Environmental Application, and Operation},
  publisher = {Springer},
  year = {2010},
  editor = {{J.~L. Boettinger et al.}},
  volume = {2},
  series = {Progress in Soil Science},
  pages = {335-354},
  doi = {10.1007/978-90-481-8863-5_27}
}

@INBOOK{Mallavan2010PSS,
  chapter = {12},
  pages = {137-149},
  title = {{Homosoil, a Methodology for Quantitative Extrapolation of Soil Information Across the Globe}},
  publisher = {Elsevier},
  year = {2010},
  editor = {Boettinger, J.~L.},
  author = {Mallavan, B.P. and Minasny, B. and McBratney, A. B.},
  volume = {2},
  series = {Progress in Soil Science},
  booktitle = {Digital Soil Mapping},
  doi = {10.1007/978-90-481-8863-5_12},
  organization = {Elsevier}
}

@ARTICLE{Malone2009Geoderma,
  author = {Malone, B.P. and McBratney, A.~B. and Minasny, B. and Laslett, G.M.},
  title = {Mapping continuous depth functions of soil carbon storage and available water capacity},
  journal = {Geoderma},
  year = {2009},
  volume = {154},
  pages = {138-152},
  number = {1-2},
  doi = {10.1016/j.geoderma.2009.10.007}
}

@ARTICLE{Manrique1991SSSAJ,
  author = {Manrique, L.A. and Jones, C.A.},
  title = {{Bulk-density of soils in relation to soil physical and chemical
	properties}},
  journal = {Soil Science Society of America Journal},
  year = {1991},
  volume = {55},
  pages = {476-481}
}

@BOOK{Marsman1986ALTERRA,
  title = {Quality of soil maps: A comparison of soil survey methods in a sandy	area},
  publisher = {Netherlands Soil Survey Institute},
  year = {1986},
  author = {Marsman, B.A. and {de Gruijter}, J.J.},
  volume = {15},
  series = {Soil Survey Papers},
  address = {Wageningen}
}

@BOOK{Matheron1969PhD,
  title = {{Le krigeage universel}},
  publisher = {Cahiers du Centre de Morphologie Math\'{e}matique, \'{E}cole des	Mines de Paris},
  year = {1969},
  author = {Matheron, G.},
  volume = {1},
  pages = {NA},
  address = {Fontainebleau}
}

@ARTICLE{McBratney1998,
  author = {McBratney, A.~B.},
  title = {Some considerations on methods for spatially aggregating and disaggregating soil information},
  journal = {Nutrient Cycling in Agroecosystems},
  year = {1998},
  volume = {50},
  pages = {51-62}
}

@ARTICLE{McBratney2002Geoderma,
  author = {McBratney, A.~B. and Minasny, B. and Cattle, S.R. and Vervoort, R.W.},
  title = {From pedotransfer functions to soil inference systems},
  journal = {Geoderma},
  year = {2002},
  volume = {109},
  pages = {41-73}
}

@INCOLLECTION{McBratney2011HSS,
  author = {McBratney, A.~B. and Minasny, B. and MacMillan, R.~A. and Carr\'{e},	F.},
  title = {Digital Soil Mapping},
  booktitle = {Handbook of Soil Science},
  publisher = {CRC Press},
  year = {2011},
  editor = {Li, H. and Sumner, M.E.},
  volume = {37},
  pages = {1-45}
}

@INPROCEEDINGS{McBratney2006WCSS,
  author = {Alex McBratney and Nathan Odgers and Budiman Minasny},
  title = {Random Catena Sampling for Establishing Soil-Landscape Rules for	Digital Soil Mapping},
  booktitle = {18th World Congress of Soil Science},
  year = {2006},
  pages = {4},
  address = {Philadelphia, Pennsylvania},
  publisher = {IUSS}
}

@ARTICLE{McBratney2003Geoderma,
  author = {McBratney, A.~B. and Mendo\c{c}a Santos, M.~L. and Minasny, B.},
  title = {{On digital soil mapping}},
  journal = {Geoderma},
  year = {2003},
  volume = {117},
  pages = {3-52},
  number = {1-2}
}

@ARTICLE{McBratney2006272,
  author = {Alex B. McBratney and Budiman Minasny and Raphael Viscarra Rossel},
  title = {Spectral soil analysis and inference systems: A powerful combination	for solving the soil data crisis},
  journal = {Geoderma},
  year = {2006},
  volume = {136},
  pages = {272 - 278},
  number = {1-2},
  doi = {10.1016/j.geoderma.2006.03.051}
}

@BOOK{McDonald2003Wiley,
  title = {{Biogeography: Space, Time and Life}},
  publisher = {John Wiley \& Sons},
  year = {2003},
  author = {McDonald, Glen},
  pages = {409},
  address = {New York}
}

@BOOK{McGavra2009DPC,
  title = {{Technology Watch Report: Preserving Geospatial Data}},
  publisher = {Digital Preservation Coalition},
  year = {2009},
  author = {McGavra, G. and Morris, S. and Jan\'{e}e, G.},
  pages = {34},
  series = {DPC Technology Watch Series Report 09-01},
  address = {York, UK}
}

@BOOK{McKenzie2002CSIRO,
  title = {Monitoring Soil Change: Principles and practices for Australian conditions},
  publisher = {CSIRO Land \& Water},
  year = {2002},
  author = {McKenzie, N. and Henderson, B. and McDonald, W.},
  address = {CSIRO Mathematical \& Information Sciences, National Land and Water Resources Audit, Canberra}
}

@ARTICLE{Meersmans2009SUM,
  author = {Meersmans, J. and {Van Wesemael}, B. and {Van Molle}, M.},
  title = {{Determining soil organic carbon for a agricultural soils: A comparison
	between the Walkley \& Black and the dry combustion methods (north
	Belgium)}},
  journal = {Soil Use and Management},
  year = {2009},
  volume = {25},
  pages = {346-353}
}

@ARTICLE{Mikhailova2003CSSPA,
  author = {Mikhailova, E.A. and Noble, R.R.P. and Post, C.J.},
  title = {{Comparison of Soil Organic Carbon Recovery by Walkley-Black and	Dry Combustion Methods in the Russian Chernozem}},
  journal = {Communications in Soil Science and Plant Analysis},
  year = {2003},
  volume = {34},
  pages = {1853-1860}
}

@ARTICLE{Miller2010SSSAJ,
  author = {Miller, R.O. and Kissel, D.E.},
  title = {{Comparison of Soil pH Methods on Soils of North America}},
  journal = {Soil Science Society of America Journal},
  year = {2010},
  volume = {74},
  pages = {310-316}
}

@ARTICLE{Milne1935SR,
  author = {Milne, G.},
  title = {{Some suggested units of classification and mapping particularly
	for East African Soils}},
  journal = {Soil Research},
  year = {1935},
  volume = {4},
  pages = {183-198}
}

@ARTICLE{Minasny2007JITL,
  author = {Minasny, B.},
  title = {{Predicting soil properties}},
  journal = {Jurnal Ilmu Tanah dan Lingkungan},
  year = {2007},
  volume = {7},
  pages = {54-67},
  number = {1}
}

@INCOLLECTION{MinasnyMcBratney2010Springer,
  author = {Minasny, B. and McBratney, A.~B.},
  title = {{Methodologies for Global Soil Mapping}},
  booktitle = {Digital Soil Mapping: Bridging Research, Environmental Application,
	and Operation},
  publisher = {Springer},
  year = {2010},
  editor = {Boettinger, J.~L. and Howell, D.~W. and Moore, A.~C. and Hartemink,
	A.~E. and Kienast-Brown, S.},
  volume = {2},
  series = {Progress in Soil Science},
  chapter = {34},
  pages = {429--436}
}

@ARTICLE{Minasny2001AJSR,
  author = {Minasny, B. and McBratney, A.~B.},
  title = {{The Australian soil texture boomerang: A comparison of the Australian and USDA/FAO soil particle-size classification systems}},
  journal = {Australian Journal of Soil Research},
  year = {2001},
  volume = {39},
  pages = {1443-1451}
}

@book{cressie2011statistics,
  title={Statistics for Spatio-Temporal Data},
  author={Cressie, N.A.~C. and Wikle, C.K.},
  isbn={9780471692744},
  lccn={2010033576},
  series={Wiley Series in Probability and Statistics},
  year={2011},
  publisher={Wiley}
}


@ARTICLE{Minasny2007Geoderma,
  author = {Minasny, B. and McBratney, A.~B.},
  title = {{Spatial prediction of soil properties using EBLUP with Mat\'{e}rn covariance function}},
  journal = {Geoderma},
  year = {2007},
  volume = {140},
  pages = {324-336}
}

@ARTICLE{Minasny2005Geoderma,
  author = {Minasny, B. and McBratney, A.~B.},
  title = {{The Mat\'{e}rn function as a general model for soil variograms}},
  journal = {Geoderma},
  year = {2005},
  volume = {128},
  pages = {192-207},
  number = {3-4}
}

@ARTICLE{Mouazen2007BE,
  author = {A.M. Mouazen and R. Karoui and J. Deckers and J. De Baerdemaeker
	and H. Ramon},
  title = {Potential of visible and near-infrared spectroscopy to derive colour
	groups utilising the Munsell soil colour charts},
  journal = {Biosystems Engineering},
  year = {2007},
  volume = {97},
  pages = {131 - 143},
  number = {2},
  doi = {10.1016/j.biosystemseng.2007.03.023}
}

@BOOK{mowrer2000quantifying,
  title = {{Quantifying spatial uncertainty in natural resources: theory and applications for GIS and remote sensing}},
  publisher = {Ann Arbor Press},
  year = {2000},
  author = {Mowrer, H.~T. and Congalton, R.G.},
  pages = {350},
  isbn = {9781575041315}
}

@INCOLLECTION{Nachtergaele2010press,
  author = {Nachtergaele, F.~O. and {Van Engelen}, V.W.P. and Batjes, N.~H.},
  title = {{Qualitative and quantitative aspects of world and regional soil	databases and maps}},
  booktitle = {{Handbook of Soil Science}},
  publisher = {CRC Press, Taylor and Francis Group},
  year = {2010},
  editor = {Li, Yuncong and Sumner, M.},
  pages = {in press},
  edition = {2nd}
}

@ARTICLE{Nativi2009EI,
  author = {Nativi, S. and Mazzetti, P. and Saarenmaa, H. and Kerr, J. and \'{O}
	Tuama, \'{E}.},
  title = {{Biodiversity and climate change use scenarios framework for the	GEOSS interoperability pilot process}},
  journal = {Ecological Informatics},
  year = {2009},
  volume = {4},
  pages = {23--33}
}

@BOOK{Burt2004SSIR,
  title = {Soil Survey Laboratory Methods Manual Version 4.0.},
  publisher = {United States Department of Agriculture},
  year = {2004},
  editor = {Rebecca Burt},
  author = {{Natural Resources Conservation Service}},
  pages = {700},
  series = {Soil Survey Investigations Report No. 42}
}

@INCOLLECTION{Nelson1982,
  author =       {Nelson, D.~W. and Sommers, L.E.},
  title =        {Total carbon, organic carbon, and organic matter},
  booktitle =    {Methods of soil analysis, Part 2},
  publisher =    {ASA and SSSA},
  year =         {1982},
  editor =       {Page, A.L. and Miller, R.H. and Keeney, D.R.},
  series =       {Agron. Monogr. 9},
  pages =        {539--579},
  address =      {Madison, WI},
  edition =      {2nd}
}


@ARTICLE{Nelson2011EJSS,
  author = {Nelson, M. A. and Bishop, T. F. A. and Triantafilis, J. and Odeh, I. O. A.},
  title = {An error budget for different sources of error in digital soil mapping},
  journal = {European Journal of Soil Science},
  year = {2011},
  volume = {62},
  pages = {417--430},
  number = {3},
  doi = {10.1111/j.1365-2389.2011.01365.x},
  issn = {1365-2389},
  publisher = {Blackwell Publishing Ltd}
}

@BOOK{Nemes1999,
  title = {{The UNSODA unsaturated soil hydraulic database Version 2.0.}},
  publisher = {US Salinity Laboratory},
  year = {1999},
  author = {Nemes, A. and Schaap, M.G. and Leij, F.J.},
  address = {Riverside, CA}
}

@ARTICLE{Nemes2003SSSAJ,
  author = {Nemes, A. and Schaap, M.G. and W{\"o}sten, J.H.M.},
  title = {{Functional evaluation of pedotransfer functions derived from different
	scales of data collection}},
  journal = {Soil Science Society of America Journal},
  year = {2003},
  volume = {67},
  pages = {1093-1102}
}

@ARTICLE{Nemes1999G,
  author = {Nemes, A. and W{\"o}sten, J.H.M. and Lilly, A. and {Oude Voshaar},
	J.H.},
  title = {{Evaluation of different procedures to interpolate particle-size
	distributions to achieve compatibility within soil databases}},
  journal = {Geoderma},
  year = {1999},
  volume = {90},
  pages = {187-202}
}

@BOOK{ObeHsu2011postgis,
  title = {PostGIS in Action},
  publisher = {Manning Publications},
  year = {2011},
  author = {Obe, R. and Hsu, L.},
  series = {Manning Pubs Co Series},
  isbn = {9781935182269}
}

@ARTICLE{Odgers201130,
  author = {Nathan P. Odgers and Alex B. McBratney and Budiman Minasny},
  title = {Bottom-up digital soil mapping. II. Soil series classes},
  journal = {Geoderma},
  year = {2011},
  volume = {163},
  pages = {30 - 37},
  number = {1-2},
  doi = {10.1016/j.geoderma.2011.03.013},
  issn = {0016-7061}
}

@ARTICLE{Odgers201138,
  author = {Nathan P. Odgers and Alex B. McBratney and Budiman Minasny},
  title = {Bottom-up digital soil mapping. I. Soil layer classes},
  journal = {Geoderma},
  year = {2011},
  volume = {163},
  pages = {38 - 44},
  number = {1-2},
  doi = {10.1016/j.geoderma.2011.03.014},
  issn = {0016-7061}
}

@ARTICLE{Oosterveld1980CAE,
  author = {Oosterveld, M. and Chang, C.},
  title = {{Empirical relationship between laboratory determinations of soil texture and moisture retention}},
  journal = {Can. Agric. Eng.},
  year = {1980},
  volume = {22},
  pages = {149-151}
}

@ARTICLE{Pachepsky2006G,
  author = {Pachepsky, Y.A. and Rawls, W.J. and Lin, H.S.},
  title = {{Hydropedology and pedotransfer functions}},
  journal = {Geoderma},
  year = {2006},
  volume = {131},
  pages = {308-316}
}

@ARTICLE{PapritzReichard2009TiG,
  author = {Papritz, A. and Reichard, P.U.},
  title = {{Modelling the risk of Pb and PAH intervention value exceedance in allotment soils by robust logistic regression}},
  journal = {Environmental Pollution},
  year = {2009},
  volume = {157},
  pages = {2019-2022},
  number = {7}
}

@ARTICLE{Pebesma2011CompGeoSci,
  author = {Pebesma, Edzer and Cornford, Dan and Dubois, Gregoire and Heuvelink, Gerard B.M. and Hristopulos, Dionisis and Pilz, J\"{u}rgen and St\"{o}hlker, Ulrich and Morin, Gary and Sk{\o}ien, Jon O.},
  title = {INTAMAP: The design and implementation of an interoperable automated	interpolation web service},
  journal = {Computers \& Geosciences},
  year = {2011},
  volume = {37},
  pages = {343 - 352},
  number = {3},
  note = {Geoinformatics for Environmental Surveillance},
  doi = {10.1016/j.cageo.2010.03.019},
  issn = {0098-3004}
}

@BOOK{Leenaars2012,
  title = {Africa Soil Profiles Database, Version 1.2. A compilation of geo-referenced and standardized legacy soil profile data for Sub Saharan Africa (with dataset)},
  publisher = {Africa Soil Information Service (AfSIS) project and ISRIC --- World Soil Information},
  address = {Wageningen, the Netherlands},
  year = {2014},
  author = {Leenaars, J.G.B.},
  pages = {45},
  note = {ISRIC report 2014/01}
}

@ARTICLE{Pebesma2004CG,
  author = {Pebesma, Edzer J.},
  title = {{Multivariable geostatistics in S: the gstat package}},
  journal = {Computers \& Geosciences},
  year = {2004},
  volume = {30},
  pages = {683-691},
  number = {7}
}

@BOOK{Pebesma1999,
  title = {Gstat user's manual},
  publisher = {Dept. of Physical Geography, Utrecht University},
  year = {1999},
  author = {Pebesma, Edzer J.},
  pages = {96},
  url = {http://www.gstat.org}
}

@BOOK{Chapman2005GBIF,
  title = {Principles of Data Quality, version 1.0.},
  publisher = {GBIF},
  series = {Report for the Global Biodiversity Information Facility},
  year = {2005},
  author = {Chapman, A. D.},
  pages = {61},
  address = {Copenhagen}
}

@BOOK{Persits1997,
  title = {Map Showing Oil and Gas Fields and Geologic Provinces of Africa},
  publisher = {U.S. Geological Survey},
  year = {2002},
  author = {Persits, F. and Ahlbrandt, T. and Tuttle, M. and Charpentier, R.
	and Brownfield, M. and Takahashi, K.},
  series = {Open File Report 97-470A},
  address = {Denver CO}
}

@BOOK{peverill1999soil,
  title = {{Soil analysis: an interpretation manual}},
  publisher = {CSIRO Publishing},
  year = {1999},
  author = {Peverill, K.I. and Sparrow, L.A. and Reuter, D.J.},
  isbn = {9780643063761}
}

@BOOK{Pleijsier1986ISRIC,
  title = {The laboratory methods and data exchange programme},
  publisher = {International Soil Reference and Information Centre},
  year = {1986},
  author = {Pleijsier, L.K.},
  series = {Interim report on the Exchange Round 85-2},
  address = {Wageningen}
}

@BOOK{vanReeuwijk1984ISRIC,
  title = {Laboratory methods and data quality. Program for soil characterization:
	a report on the pilot round. Part II. Exchangeable bases, base saturation
	and pH},
  publisher = {International Soil Reference and Information Centre},
  year = {1984},
  author = {Pleijsier, L.K.},
  address = {Wageningen}
}

@ARTICLE{Qi2006Geoderma,
  author = {Feng Qi and A-Xing Zhu and Mark Harrower and James E. Burt},
  title = {Fuzzy soil mapping based on prototype category theory},
  journal = {Geoderma},
  year = {2006},
  volume = {136},
  pages = {774 - 787},
  number = {3-4},
  doi = {10.1016/j.geoderma.2006.06.001},
  issn = {0016-7061}
}

@BOOK{RTeam2005R,
  title = {{R: A language and environment for statistical computing}},
  publisher = {R Foundation for Statistical Computing},
  year = {2009},
  author = {{R Development Core Team}},
  pages = {409},
  address = {Vienna, Austria},
  note = {{ISBN} 3-900051-07-0}
}

@ARTICLE{Rawls1983SS,
  author = {Rawls, W.J.},
  title = {{Estimating soil bulk-density from particle-size analysis and organic
	matter content}},
  journal = {Soil Science},
  year = {1983},
  volume = {135},
  pages = {123-125}
}

@INCOLLECTION{Rawls1989,
  author = {Rawls, W.J. and Brakensiek, D.L.},
  title = {{Estimation of soil water retention and hydraulic properties}},
  booktitle = {{Unsaturated flow in hydrologic modeling; theory and practice}},
  publisher = {Kluwer Acad. Publ.},
  year = {1989},
  editor = {Morel-Seytoux, H.J.},
  series = {Proc. NATO Adv. Res. Worksh. Hydrology},
  pages = {275-300},
  address = {Dordrecht, the Netherlands}
}

@ARTICLE{Pebesma2006TiG,
  author       = {Pebesma, E.J.},
  title        = {{The Role of External Variables and GIS Databases in Geostatistical Analysis}},
  journal      = {Transactions in GIS},
  volume       = {10},
  number       = {4},
  pages        = {615-632},
  year         = {2006} ,
}

@ARTICLE{Rawls1982JIDDASCE,
  author = {Rawls, W.J. and Brakensiek, D.L.},
  title = {{Estimating soil water retention from soil properties}},
  journal = {J. Irrig. Drainage Div. Am. Soc. Civ. Eng.},
  year = {1982},
  volume = {108},
  pages = {166-171}
}

@ARTICLE{Rawls1991AA,
  author = {Rawls, W.J. and Gish, T.J. and Brakensiek, D.L.},
  title = {{Estimating soil water retention from soil physical properties and
	characteristics}},
  journal = {Advances in Agronomy},
  year = {1991},
  volume = {16},
  pages = {213-234}
}

@article{Topan:2009:ICO:1541725.1541737,
 author = {Topan, H. and Maktav, D. and Jacobsen, K. and Buyuksalih, G.},
 title = {Information content of optical satellite images for topographic mapping},
 journal = {Int. J. Remote Sens.},
 volume = {30},
 issue = {7},
 month = {January},
 year = {2009},
 issn = {0143-1161},
 pages = {1819--1827},
 numpages = {9},
 url = {http://dl.acm.org/citation.cfm?id=1541725.1541737},
 doi = {10.1080/01431160802642271},
 acmid = {1541737},
 publisher = {Taylor \& Francis, Inc.},
 address = {Bristol, PA, USA},
}

@ARTICLE{Rawls2003G,
  author = {Rawls, W.J. and Pachepsky, Y.A. and Ritchie, J.C. and Sobecki, T.M.
	and Bloodworth, H.},
  title = {{Effect of soil organic carbon on soil water retention}},
  journal = {Geoderma},
  year = {2003},
  volume = {116},
  pages = {61-67}
}

@ARTICLE{Refsgaard2007UEM,
  author = {Refsgaard, Jens Christian and van der Sluijs, Jeroen P. and H{\o}jberg,
	Anker Lajer and Vanrolleghem, Peter A.},
  title = {{Uncertainty in the environmental modelling process --- A framework and guidance}},
  journal = {Environ. Model. Softw.},
  year = {2007},
  volume = {22},
  pages = {1543--1556},
  month = {November},
  doi = {10.1016/j.envsoft.2007.02.004},
  issn = {1364-8152},
  issue = {11},
  numpages = {14}
}

@ARTICLE{Rossiter2004SUM,
  author = {Rossiter, D.G.},
  title = {Digital soil resource inventories: status and prospects},
  journal = {Soil Use and Management},
  year = {2004},
  volume = {20},
  pages = {296--301},
  number = {3},
  doi = {10.1111/j.1475-2743.2004.tb00372.x},
  issn = {1475-2743},
  publisher = {Blackwell Publishing Ltd},
  url = {http://dx.doi.org/10.1111/j.1475-2743.2004.tb00372.x}
}

@BOOK{Rossiter2001,
  title = {{Methodology for Soil Resource Inventories}},
  publisher = {ITC},
  year = {2003},
  author = {Rossiter, D.G.},
  series = {ITC Lecture Notes SOL.27},
  address = {Enschede, the Netherlands},
  edition = {3rd}
}

@article{Lark2012,
author = {Lark, R.M. and Lapworth, D.J.},
title = "Quality measures for soil surveys by lognormal kriging",
journal = "Geoderma",
volume = "173--174",
pages = "231 - 240",
year = "2012",
note = "",
issn = "0016-7061",
doi = "10.1016/j.geoderma.2011.12.008"
}

@ARTICLE{Rousseva1997EJSS,
  author = {Rousseva, S.S.},
  title = {{Data transformations between soil texture schemes}},
  journal = {European Journal of Soil Science},
  year = {1997},
  volume = {48},
  pages = {749-758}
}

@ARTICLE{Sahr2003CGIS,
  author = {Sahr, Kevin and White, Denis and Kimerling, A. Jon},
  title = {{Geodesic Discrete Global Grid Systems}},
  journal = {Cartography and Geographic Information Science},
  year = {2003},
  volume = {30},
  pages = {121-134},
  number = {2}
}

@ARTICLE{Saini1966N,
  author = {Saini, G.R.},
  title = {{Organic matter as a measure of bulk density of soil}},
  journal = {Nature},
  year = {1966},
  volume = {210},
  pages = {1295}
}

@ARTICLE{Sanchez2009Science,
  author = {{Sanchez et al.}},
  title = {{Digital Soil Map of the World}},
  journal = {Science},
  year = {2009},
  volume = {325},
  pages = {680-681}
}

@ARTICLE{Saxton1986SSSAJ,
  author = {Saxton, K.E. and Rawls, W.J. and Romberger, J.S. and Papendick, R.I.},
  title = {{Estimating generalized soil-water characteristics from texture}},
  journal = {Soil Science Society of America Journal},
  year = {1986},
  volume = {50},
  pages = {1031-1036}
}

@BOOK{schabenberger2005statistical,
  title = {Statistical methods for spatial data analysis},
  publisher = {Chapman \& Hall/CRC},
  year = {2005},
  author = {Schabenberger, O. and Gotway, C.~A.},
  series = {Texts in statistical science},
  isbn = {9781584883227},
  lccn = {04043107}
}

@ARTICLE{GotwayYoung2002JASA,
  author = {Gotway, Carol A and Young, Linda J},
  title = {Combining Incompatible Spatial Data},
  journal = {Journal of the American Statistical Association},
  year = {2002},
  volume = {97},
  pages = {632-648},
  number = {458}
}

@ARTICLE{GotwayYoung2007JCGS,
  author = {Gotway, Carol A and Young, Linda J},
  title = {A Geostatistical Approach to Linking Geographically Aggregated Data
	From Different Sources},
  journal = {Journal of Computational and Graphical Statistics},
  year = {2007},
  volume = {16},
  pages = {115-135},
  number = {1},
  doi = {10.1198/106186007X179257},
  url = {http://amstat.tandfonline.com/doi/abs/10.1198/106186007X179257}
}

@ARTICLE{Schelling1970Geoderma,
  author = {Schelling, J.},
  title = {Soil genesis, soil classification and soil survey},
  journal = {Geoderma},
  year = {1970},
  volume = {4},
  pages = {165-193},
  number = {3},
  doi = {10.1016/0016-7061(70)90002-9},
  issn = {0016-7061}
}

@BOOK{NRCS2011fieldbook,
  title = {Field book for describing and sampling soils},
  author = {{National Soil Survey Center NRCS USDA}},
  publisher = {U.S. Department of Agriculture},
  year = {2011},
  edition = {3rd},
  editor = {Schoeneberger, P.J. and Wysocki, D.A. and Benham, E.C. and Broderson,
	W.D.},
  address = {Lincoln, Nebraska}
}

@BOOK{Schoeneberger1998,
  title = {Field book for describing and sampling soils},
  publisher = {Natural Resources Conservation Service, USDA, National Soil Survey
	Centre},
  year = {1998},
  author = {Schoeneberger, P.J. and Wysocki, D.A. and Benham, E.C. and Broderson,
	W.D.},
  address = {Lincoln, Nebraska}
}

@BOOK{Schumacher2002,
  title = {{Methods for the determination of total organic carbon (TOC) in soils
	and sediments}},
  publisher = {United States Environmental Protection Agency},
  year = {2002},
  author = {Schumacher, B.A.},
  pages = {25},
  address = {Environmental Sciences Division National Exposure Research Laboratory},
  note = {NCEA-C-1282}
}

@ARTICLE{Shannon1949,
  author = {Shannon, C.~E.},
  title = {Communication in the presence of noise},
  journal = {Proc. Institute of Radio Engineers},
  year = {1949},
  volume = {37},
  pages = {10-21},
  number = {1}
}

@ARTICLE{SheatherJones1991,
  author = {Sheather, S.J. and Jones, M.C.},
  title = {A reliable data-based bandwidth selection method for kernel density
	estimation},
  journal = {Journal of the Royal Statistical Society, Series B},
  year = {1991},
  volume = {53},
  pages = {683-690}
}

@ARTICLE{ShepherdWalsh2007JNIS,
  author = {Shepherd, K.D. and Walsh, M.G.},
  title = {Infrared spectroscopy --- enabling an evidence based diagnostic survellance approach to agricultural and environmental management in developing countries},
  journal = {Journal of Near Infrared Spectroscopy},
  year = {2007},
  volume = {15},
  pages = {1-19}
}

@ARTICLE{Shirazi1984SSSAJ,
  author = {Shirazi, M.A. and Boersma, L.},
  title = {{A unifying quantitative analysis of soil texture}},
  journal = {Soil Science Society of America Journal},
  year = {1984},
  volume = {48},
  pages = {142-147}
}

@ARTICLE{Shirazi1988SSSAJ,
  author = {Shirazi, M.A. and Boersma, L. and Hart, J.W.},
  title = {{A unifying quantitative analysis of soil texture: Improvement of precision and extension of scale}},
  journal = {Soil Science Society of America Journal},
  year = {1988},
  volume = {52},
  pages = {181-190}
}

@ARTICLE{Shirazi2001SSSAJ,
  author = {Shirazi, M.A. and Boersma, L. and Johnson, C.B.},
  title = {{Particle size distributions: comparing texture systems, adding rock, and predicting soil properties}},
  journal = {Soil Science Society of America Journal},
  year = {2001},
  volume = {65},
  pages = {300-310}
}

@INCOLLECTION{Simonson1968AA,
  author = {Roy W. Simonson},
  title = {Concept Of Soil},
  booktitle = {Prepared under the Auspices of the American Society of Agronomy},
  publisher = {Academic Press},
  year = {1968},
  editor = {A.G. Norman},
  volume = {20},
  series = {Advances in Agronomy},
  pages = {1 - 47},
  doi = {10.1016/S0065-2113(08)60853-6}
}

@ARTICLE{Skaggs2001SSSAJ,
  author = {Skaggs, T.H. and Arya, L.M. and Shouse, P.J. and Mohanty, B.P.},
  title = {{Estimating Particle-Size Distribution from Limited Soil Texture	Data}},
  journal = {Soil Science Society of America Journal},
  year = {2001},
  volume = {65},
  pages = {1038-1044}
}

@ARTICLE{Sleutel2007CSSPA,
  author = {Sleutel, S. and {De Neve}, S. and Singier, B. and Hofman, G.},
  title = {{Quantification of Organic Carbon in Soils: A Comparison of Methodologies and Assessment of the Carbon Content of Organic Matter}},
  journal = {Communications in Soil Science and Plant Analysis},
  year = {2007},
  volume = {38},
  pages = {2647-2657}
}

@ARTICLE{Small2005RSE,
  author = {Small, C. and Pozzi, F. and Elvidge, C.D.},
  title = {Spatial analysis of global urban extent from DMSP-OLS nighttime lights},
  journal = {Remote Sensing of Environment},
  year = {2005},
  volume = {96},
  pages = {277-291}
}

@BOOK{Smith1986SMSS,
  title = {{The Guy Smith interviews: Rationale for Concepts in Soil Taxonomy}},
  publisher = {Soil Management Support Services, USDA},
  year = {1986},
  author = {Smith, G.D.},
  pages = {227},
  series = {SMSS Technical Monograph No.11},
  address = {Cornell University}
}

@BOOK{SSDS1993,
  title = {Soil survey manual},
  publisher = {United States Department of Agriculture},
  year = {1993},
  author = {{Soil survey Division staff}},
  volume = {Handbook 18},
  address = {Washington}
}

@BOOK{SSS1983USDA,
  title = {Soil Survey Manual},
  publisher = {United States Agriculture, USDA},
  year = {1983},
  author = {{Soil Survey Staff}},
  volume = {Handbook 18},
  address = {Washington},
  edition = {rev.}
}

@ARTICLE{Soon1991CSSPA,
  author = {Soon, Y.K. and Abboud, S.},
  title = {{A comparison of some methods for soil organic carbon determination}},
  journal = {Communications in Soil Science and Plant Analysis},
  year = {1991},
  volume = {22},
  pages = {943-954}
}

@ARTICLE{Stein2001,
  author = {Stein, A. and Riley, J. and Halberg, N.},
  title = {Issues of scale for environmental indicators},
  journal = {Agriculture,Ecosystems \& Environment},
  year = {2001},
  volume = {87},
  pages = {215-232},
  number = {2}
}

@BOOK{Stein1999Springer,
  title = {{Interpolation of Spatial Data: Some Theory for Kriging}},
  publisher = {Springer},
  year = {1999},
  author = {Stein, M.~L.},
  pages = {247},
  series = {Series in Statistics},
  address = {New York}
}

@ARTICLE{SteinigerBocher2009IJGIS,
  author = {Steiniger, S. and Bocher, E.},
  title = {{An Overview on Current Free and Open Source Desktop GIS Developments}},
  journal = {International Journal of Geographical Information Science},
  year = {2009},
  volume = {in press},
  pages = {NA}
}

@ARTICLE{Sumner1994CSSPA,
  author = {Sumner, M.E.},
  title = {{Measurement of soil pH: Problems and solutions}},
  journal = {Communications in Soil Science and Plant Analysis},
  year = {1994},
  volume = {25},
  pages = {859-879}
}

@ARTICLE{Timlin1996AS,
  author = {Timlin, D.J. and Pachepsky, Y.A. and Acock, B. and Whisler, F.},
  title = {{Indirect estimation of soil hydraulic properties to predict soybean	yield using GLYCIM}},
  journal = {Agricultural Systems},
  year = {1996},
  volume = {52},
  pages = {331-353}
}

@ARTICLE{Torri1994C,
  author = {Torri, D. and Poesen, J. and Monaci, F. and Busoni, E.},
  title = {{Rock fragment content and fine soil bulk density}},
  journal = {Catena},
  year = {1994},
  volume = {23},
  pages = {65-71}
}

@ARTICLE{Tranter2007SUM,
  author = {Tranter, G. and Minasny, B. and McBratney, A.~B. and Murphy, B. and
	McKenzie, N.J. and Grundy, M. and Brough, D.},
  title = {{Building and testing conceptual and empirical models for predicting
	soil bulk density}},
  journal = {Soil Use and Management},
  year = {2007},
  pages = {1-6}
}

@BOOK{Venables2002Springer,
  title = {{Modern applied statistics with S}},
  publisher = {Springer-Verlag},
  year = {2002},
  author = {Venables, W.~N. and Ripley, B.~D.},
  pages = {481},
  address = {New York},
  edition = {4th}
}

@ARTICLE{Vereecken1989SS,
  author = {Vereecken, H.J. and Maes, J. and Feyen, P.D.},
  title = {{Estimating the Soil Moisture Retention Characteristic from Texture,	Bulk Density, and Carbon Content}},
  journal = {Soil Science},
  year = {1989},
  volume = {148},
  pages = {389-403},
  number = {6}
}

@ARTICLE{ViscarraRossel2007EJSS,
  author = {Viscarra Rossel, R.~A. and Taylor, H.J. and McBratney, A.~B.},
  title = {Multivariate calibration of hyperspectral $\gamma$--ray energy spectra for proximal soil sensing},
  journal = {European Journal of Soil Science},
  year = {2007},
  volume = {58},
  pages = {343-353}
}

@BOOK{Vogel1994,
  title = {{Comparability of soil analytical data: Determinations of cation
	exchange capacity, organic carbon, soil reaction, bulk density, and
	volume percentage of water at selected pF values by different methods}},
  publisher = {ISRIC},
  year = {1994},
  author = {Vogel, A.W.},
  address = {Wageningen},
  note = {Work. Pap. 94/07}
}

@ARTICLE{Voosen2009NYT,
  author = {Voosen, P.},
  title = {Bold Soil-Mapping Venture Seen as Crucial to Efforts on Climate,
	Agriculture},
  journal = {New York Times},
  year = {2009},
  pages = {2},
  month = {August}
}

@ARTICLE{Walker2003IA,
  author = {Walker, W.E. and Harremo\"{e}s, P. and Rotmans, J. and {van der Sluijs},
	J.P. and {van Asselt}, M.B.A. and Janssen, P. and {von Krauss}, M.P.K},
  title = {{Defining Uncertainty: A Conceptual Basis for Uncertainty Management in Model-Based Decision Support}},
  journal = {Integrated Assessment},
  year = {2003},
  volume = {4},
  pages = {5-17},
  number = {1}
}

@INCOLLECTION{eltit2008,
  pages = {315--320},
  title = {{Appendix A: Chronology of the U.S.\@ Soil Survey}},
  publisher = {Iowa State Press},
  year = {2008},
  author = {Durana, Patricia J.},
  booktitle = {Profiles in the History of the U.S.\@ Soil Survey},
  doi = {10.1002/9780470376959.app1},
  isbn = {9780470376959}
}

@TECHREPORT{OGCKML2008,
  AUTHOR =       {Wilson, Tim},
  TITLE =        {{OGC KML}},
  INSTITUTION =  {Open Geospatial Consortium Inc.},
  YEAR =         {2008},
  type =         {OGC Standard},
  number =       {OGC 07-147r2},
}

@INCOLLECTION{Walter2006DSS,
  author = {Walter, C. and Lagacherie, P. and Follain, S.},
  title = {Integrating Pedological Knowledge into Digital Soil Mapping},
  booktitle = {Digital Soil Mapping --- An Introductory Perspective},
  publisher = {Elsevier},
  year = {2006},
  editor = {Lagacherie, P. and McBratney, A.~B. and Voltz, M.},
  volume = {31},
  series = {Developments in Soil Science},
  pages = {281 - 300, 615},
  doi = {10.1016/S0166-2481(06)31022-7},
  issn = {0166-2481}
}

@ARTICLE{Wang1996AJSR,
  author = {Wang, X.J. and Smethurst, P.J. and Herbed, A.M.},
  title = {{Relationships between three measures of organic matter or carbon
	in soils of eucalypt plantations in Tasmania}},
  journal = {Australian Journal of Soil Research},
  year = {1996},
  volume = {34},
  pages = {545-553}
}

@BOOK{Adhikari2013,
  title = {High-Resolution 3-D Mapping of Soil Texture in Denmark},
  year = {2013},
  author = {Adhikari, Kabindra and Kheir, Rania Bou and Greve, Mette B. and B{\o}cher, Peder K. and Malone, Brendan P. and Minasny, Budiman and McBratney,
	Alex B. and Greve, Mogens H.},
  volume = {in press},
  pages = {--},
  doi = {10.2136/sssaj2012.0275},
  journal = {Soil Sci. Soc. Am. J.}
}

@article{Beaudette2013CompGeo,
title = "Algorithms for quantitative pedology: A toolkit for soil scientists",
journal = "Computers \& Geosciences",
author = "Beaudette, D.E. and Roudier, P. and O'Geen, A.T.",
volume = "52",
number = "0",
pages = "258 - 268",
year = "2013",
issn = "0098-3004",
doi = "10.1016/j.cageo.2012.10.020"
}

@BOOK{Webster2001Wiley,
  title = {{Geostatistics for Environmental Scientists}},
  publisher = {Wiley},
  year = {2001},
  author = {Webster, R. and Oliver, M.A.},
  pages = {265},
  series = {Statistics in Practice},
  address = {Chichester}
}

@INCOLLECTION{Williams1992,
  author = {Williams, J. and Ross, P.J. and Bristow, K.L.},
  title = {{Prediction of the Campbell water retention function from texture, structure and organic matter}},
  booktitle = {{Proceedings of the International Workshop on Indirect Methods for Estimating the Hydraulic Properties of Unsaturated Soils}},
  publisher = {University of California, Riverside},
  year = {1992},
  editor = {{van Genuchten}, M.Th. and Leij, F.J. and Lund, L.J.},
  pages = {427-441},
  address = {Riverside, CA}
}

@ARTICLE{Wysocki2005Geoderma,
  author = {Wysocki, D. and Schoeneberger, P.J. and LaGarry, H.E.},
  title = {Soil surveys: A window to the subsurface},
  journal = {Geoderma},
  year = {2005},
  volume = {126},
  pages = {167-180}
}

@book{deGruijter2006sampling,
  title={Sampling for Natural Resource Monitoring},
  author={{de Gruijter}, J.J. and Brus, D.J. and Bierkens, M.F.P. and Knotters, M.},
  isbn={9783540331612},
  year={2006},
  publisher={Springer},
  address={London}
}

@ARTICLE{Wosten1986JH,
  author = {W{\"o}sten, J.H.M. and Bannink, M.H. and {de Gruijter}, J.J. and
	Bouma, J.},
  title = {{A procedure to identify different groups of hydraulic conductivity
	and moisture retention curves for soil horizons}},
  journal = {Journal of Hydrology},
  year = {1986},
  volume = {86},
  pages = {133-145}
}

@INCOLLECTION{Wosten1992,
  author = {W{\"o}sten, J.H.M. and Bouma, J.},
  title = {{Applicability of soil survey data to estimate hydraulic properties
	of unsaturated soils}},
  booktitle = {{Proceedings of an International Workshop on Indirect Methods for
	Estimating the Hydraulic Properties of Unsaturated Soils}},
  publisher = {University of California, Riverside},
  year = {1992},
  editor = {{van Genuchten}, M.Th. and Leij, F.J. and Lund, L.J.},
  pages = {463-472}
}

@ARTICLE{Wosten1985SSSAJ,
  author = {W{\"o}sten, J.H.M. and Bouma, J. and Stoffelsen, G.H.},
  title = {{Use of soil survey data for regional soil water simulation models}},
  journal = {Soil Science Society of America Journal},
  year = {1985},
  volume = {49},
  pages = {1238-1244}
}

@ARTICLE{Wosten1995G,
  author = {W{\"o}sten, J.H.M. and Fi, P.~A. and Jansen, M.J.W.},
  title = {{Comparison of class and continuous pedotransfer functions to generate
	soil hydraulic characteristics}},
  journal = {Geoderma},
  year = {1995},
  volume = {66},
  pages = {227-237}
}

@ARTICLE{Wosten1999G,
  author = {W{\"o}sten, J.H.M. and Lilly, A. and Nemes, A. and {Le Bas}, C.},
  title = {{Development and use of a database of hydraulic properties of European
	soils}},
  journal = {Geoderma},
  year = {1999},
  volume = {90},
  pages = {169-185}
}

@ARTICLE{Wosten2001JH,
  author = {W{\"o}sten, J.H.M. and Pachepsky, Y.A. and Rawls, W.J.},
  title = {{Pedotransfer functions: Bridging the gap between available basic
	soil data and missing soil hydraulic functions}},
  journal = {Journal of Hydrology},
  year = {2001},
  volume = {251},
  pages = {123-150}
}

@book{white2009principles,
  title={{Principles and Practice of Soil Science: The Soil as a Natural Resource}},
  author={White, R.E.},
  isbn={9781444309164},
  year={2009},
  publisher={Wiley}
}


@ARTICLE{Yesson2007PLOS,
  author = {Yesson, C. AND Brewer, P.~W. AND Sutton, T. AND Caithness, N. AND
	Pahwa, J.~S. AND Burgess, M. AND Gray, W.~A. AND White, R.~J. AND
	Jones, A.~C. AND Bisby, F.~A. AND Culham, A.},
  title = {{How Global Is the Global Biodiversity Information Facility?}},
  journal = {PLoS ONE},
  year = {2007},
  volume = {2},
  pages = {e1124},
  number = {11},
  month = {Nov},
  publisher = {Public Library of Science}
}

@ARTICLE{Hu2001GSIS,
  author = {Yuju, Hu and Peng, Hu and Yanian, Wu and Chuanyong, Yang and Guojian,
	Li},
  title = {Mathematical basis for large scale GIS and terrestrial digital products},
  journal = {Geo-Spatial Information Science},
  year = {2001},
  volume = {4},
  pages = {35-41},
  note = {10.1007/BF02826922},
  affiliation = {Muhan University 129 Luoyu Road 430079 Wuhan China},
  issn = {1009-5020},
  issue = {3},
  keyword = {Earth and Environmental Science},
  publisher = {Wuhan University, co-published with Springer},
  url = {http://dx.doi.org/10.1007/BF02826922}
}

@ARTICLE{Zacharias2007SSSAJ,
  author = {Zacharias, S. and Wessolek, G.},
  title = {{Excluding Organic Matter Content from Pedotransfer Predictors of
	Soil Water Retention}},
  journal = {Soil Science Society of America Journal},
  year = {2007},
  volume = {71},
  pages = {43-50}
}

@ARTICLE{Zhou2004JZUS,
  author = {Zhou, Bin and Zhang, Xin-gang and Wang, Ren-chao},
  title = {Automated soil resources mapping based on decision tree and Bayesian
	predictive modeling},
  journal = {Journal of Zhejiang University Science},
  year = {2004},
  volume = {5},
  pages = {782-795},
  month = {7/2004},
  doi = {10.1631/jzus.2004.0782},
  issn = {1009-3095}
}

@ARTICLE{Zhu2001,
  author = {Zhu, A.X. and Hudson, B. and Burt, J. and Lubich, K. and Simonson,
	D.},
  title = {Soil mapping using GIS, expert knowledge, and fuzzy logic},
  journal = {Soil Science Society of America Journal},
  year = {2001},
  volume = {65},
  pages = {1463-1472}
}

@ARTICLE{Zhu2010Geoderma,
  author = {A-Xing Zhu and Feng Qi and Amanda Moore and James E. Burt},
  title = {Prediction of soil properties using fuzzy membership values},
  journal = {Geoderma},
  year = {2010},
  volume = {158},
  pages = {199 - 206},
  number = {3-4},
  doi = {10.1016/j.geoderma.2010.05.001},
  issn = {0016-7061}
}

@INCOLLECTION{Gehrt2001FH,
  author       = {Gehrt, E. and B\"{o}hner, J.},
  title        = {Vom Punkt zur Flache --- Probleme des `upscaling' in der Bodenkartierung},
  booktitle    = {Diskussionsforum Bodenwissenschaften: Vom Bohrstock zum Bildschirm},
  publisher    = {FH},
  address      = {Osnabr\"{u}ck},
  pages        = {17-34},
  year         = {2001}
}

@BOOK{Bohner2008Hamburg,
  title = {{SAGA --- Seconds Out}},
  publisher = {Hamburger Beitr\"{a}ge zur Physischen Geographie und Landschafts\"{o}kologie},
  year = {2008},
  editor = {B\"{o}hner, J. and Blaschke, T. and Montanarella, L.},
  volume = {19},
  pages = {113},
  address = {Hamburg}
}

@BOOK{Boettinger2010Springer,
  title = {Digital Soil Mapping: Bridging Research, Environmental Application,
	and Operation},
  publisher = {Springer},
  year = {2010},
  editor = {Boettinger, J.~L. and Howell, D.~W. and Moore, A.~C. and Hartemink,
	A.~E. and Kienast-Brown, S.},
  volume = {2},
  pages = {473},
  series = {Progress in Soil Science}
}

@BOOK{Burrough1998OUP,
  title = {{Principles of Geographical Information Systems}},
  publisher = {Oxford University Press},
  year = {1998},
  author = {Burrough, P.~A. and McDonnell, R.~A.},
  pages = {220},
  address = {Oxford},
  edition = {2nd}
}

@BOOK{Hengl2009UvA,
  title = {{A Practical Guide to Geostatistical Mapping}},
  publisher = {University of Amsterdam},
  year = {2009},
  editor = {Hengl, T.},
  pages = {291},
  address = {Amsterdam},
  isbn = {978-90-9024981-0},
  url = {http://spatial-analyst.net/book/}
}

@BOOK{Hengl2008Elsevier,
  title = {{Geomorphometry: Concepts, Software, Applications}},
  publisher = {Elsevier},
  year = {2008},
  editor = {Hengl, T. and Reuter, H.~I.},
  volume = {33},
  pages = {772},
  series = {Developments in Soil Science},
  address = {Amsterdam}
}

@BOOK{Lagacherie2006Elsevier,
  title = {{Digital Soil Mapping: An Introductory Perspective}},
  publisher = {Elsevier},
  year = {2006},
  editor = {Lagacherie, P. and McBratney, A.~B. and Voltz, M.},
  pages = {350},
  series = {Developments in Soil Science},
  address = {Amsterdam}
}

@BOOK{ShannonWeaver1949UIP,
  title = {{The Mathematical Theory of Communication}},
  publisher = {University of Illinois Press},
  year = {1949},
  editor = {Shannon, C.~E. and Weaver, W.},
  pages = {125},
  address = {Urbana}
}

@BOOK{FAO2006WRB,
  author = {{IUSS Working Group WRB}},
  title = {{World reference base for soil resources 2006: a framework for international
	classification, correlation and communication}},
  publisher = {Food and Agriculture Organization of the United Nations},
  year = {2006},
  series = {World soil resources reports No. 103},
  address = {Rome},
  isbn = {9789251055113},
  issn = {0532-0666},
  lccn = {2006484408}
}
